@string{AnnRev  = "Ann.\ Rev.\ Nuc.\ Sci."}
@string{ap      = "Annals\ of\ Physics"}
@string{arns    = "Ann.\ Rev.\ Nuc.\ Sci."}
@string{cpc     = "Comp.\ Phys.\ Comm."}
@string{epjc    = "Eur.\ Phys.\ J.\ C"}
@string{jetp    = "Sov.\ Phys.\ JETP"}
@string{jetpl   = "Sov.\ Phys.\ JETP\ Lett." }
@string{jhep    = "JHEP"}
@string{nima    = "Nucl.\ Instr.\ and Meth.\ A"}
@string{npa     = "Nucl.\ Phys.\ A"}
@string{npb     = "Nucl.\ Phys.\ B"}
@string{npps    = "Nucl.\ Phys.\ Proc.\ Suppl." }
@string{nuovo   = "Nuovo\ Cim."}
@string{plb     = "Phys.\ Lett.\ B"}
@string{ppnp    = "Prog.\ Part.\ Nucl.\ Phys."}
@string{prd     = "Phys.\ Rev.\ D"}
@string{prl     = "Phys.\ Rev.\ Lett."}
@string{DESY    = "DESY 96-013"}
@string{prpt    = "Phys.\ Rept."}
@string{pt      = "Phys.\ Today"}
@string{ptp     = "Prog.\ Theor.\ Phys."}
@string{rmp     = "Rev.\ Mod.\ Phys."}
@string{sjnp    = "Sov.\ J.\ Nucl.\ Phys."}
@string{zpc     = "Z.\ Phys.\ C"}



@Article{Bloom:1969kc,
  author        = "Bloom, E. D. and others",
  title         = "High-Energy Inelastic ep Scattering at 6 degrees and 10
                   degrees",
  journal       = prl,
  volume        = "23",
  year          = "1969",
  pages         = "930",
  SLACcitation  = "%%CITATION = PRLTA,23,930;%%"
}

@Article{Barwolff:1989fc,
     author    = "Barwolff, H. and others",
     title     = "{PERFORMANCE OF PROTOTYPES OF THE H1 OUTER z DRIFT
                  CHAMBER}",
     journal   = "Nucl. Instrum. Meth.",
     volume    = "A283",
     year      = "1989",
     pages     = "467-470",
     doi       = "10.1016/0168-9002(89)91401-0",
     SLACcitation  = "%%CITATION = NUIMA,A283,467;%%"
}

@Article{Bloom:1971ye,
  author        = "Bloom, E. D. and Gilman, F. J.",
  title         = "Scaling and the Behavior of Nucleon Resonances in Inelastic
                   Electron-Nucleon Scattering",
  journal       = prd,
  volume        = "4",
  year          = "1971",
  pages         = "2901",
  SLACcitation  = "%%CITATION = PHRVA,D4,2901;%%"
}

@Article{Fox:1974ry,
  author        = "Fox, D. J. and others",
  title         = "Test of Scale Invariance in High-Energy Muon Scattering",
  journal       = prl,
  volume        = "33",
  year          = "1974",
  pages         = "1504",
  SLACcitation  = "%%CITATION = PRLTA,33,1504;%%"
}

@Article{Horisberger:1993ec,
     author    = "Horisberger, R. and Pitzl, D.",
     title     = "{A Novel readout chip for silicon strip detectors with
                  analog pipeline and digitally controlled analog signal
                  processing}",
     journal   = "Nucl. Instrum. Meth.",
     volume    = "A326",
     year      = "1993",
     pages     = "92-99",
     SLACcitation  = "%%CITATION = NUIMA,A326,92;%%"
}
@article{hermes,
      author         = "Airapetian, A. and others",
      title          = "{Measurement of Parton Distributions of Strange Quarks in
                        the Nucleon from Charged-Kaon Production in Deep-Inelastic
                        Scattering on the Deuteron}",
      collaboration  = "HERMES Collaboration",
      journal        = "Phys.Lett.",
      volume         = "B666",
      pages          = "446-450",
      doi            = "10.1016/j.physletb.2008.07.090",
      year           = "2008",
      eprint         = "arXiv:0803.2993",
      archivePrefix  = "arXiv",
      primaryClass   = "hep-ex",
      reportNumber   = "DESY-07-223",
      SLACcitation   = "%%CITATION = ARXIV:0803.2993;%%",
}

@Article{h1firstf2,
  author        = "I. Abt and others",
  collaboration = "H1 Collaboration",
  title         = "Measurement of the Proton Structure Function $F_2(x,Q^2)$ in the 
                   low $x$ Region at HERA",
  journal       = npb,
  volume        = "407",
  year          = "1993",
  pages         = "515"
}

@Article{zeuscc97,
  author        = "Breitweg, J. and others",
  collaboration = "ZEUS Collaboration",
  title         = "Measurement of the neutral current cross section and F2
                   structure  function for deep inelastic e+ p scattering at
                   HERA",
  journal       = epjc,
  volume        = "12",
  year          = "2000",
  pages         = "411",
  eprint        = "hep-ex/9907010",
  note          = "\protect{[Erratum-ibid. C{\bf 27} (2003) 305]}",
  SLACcitation  = "%%CITATION = HEP-EX 0105090;%%"
}


@Article{zeusfirstf2,
  author        = "M. Derrick and others",
  collaboration = "ZEUS Collaboration",
  title         = "Measurement of the Proton Structure Function
                   $F_2$ in ep Scattering at HERA",
  journal       = plb,
  volume        = "316",
  year          = "1993",
  pages         = "412"
}

@Article{Pumplin:2002vw,
     author    = "Pumplin, J. and others",
     title     = "New generation of parton distributions with uncertainties
                  from global  QCD analysis",
     journal   = jhep,
     volume    = "0207",
     year      = "2002",
     pages     = "012",
     eprint    = "hep-ph/0201195",
     SLACcitation  = "%%CITATION = HEP-PH 0201195;%%"
}

@Article{Alekhin:2002fv,
     author    = "Alekhin, Sergey",
     title     = "Parton distributions from deep-inelastic scattering data",
     journal   = prd,
     volume    = "68",
     year      = "2003",
     pages     = "014002",
     eprint    = "hep-ph/0211096",
     SLACcitation  = "%%CITATION = HEP-PH 0211096;%%"
}

@Article{Martin:2003sk,
     author    = "Martin, A. D. and Roberts, R. G. and Stirling, W. J. and
                  Thorne, R. S.",
     title     = "Uncertainties of predictions from parton distributions. II:
                  Theoretical  errors",
     journal   = "Eur. Phys. J.",
     volume    = "C35",
     year      = "2004",
     pages     = "325-348",
     eprint    = "hep-ph/0308087",
     SLACcitation  = "%%CITATION = HEP-PH 0308087;%%"
}

@Article{Haidt:2004ck,
     author    = "Haidt, D.",
     title     = "$F_2$ challenging DGLAP",
     journal   = epjc,
     volume    = "35",
     year      = "2004",
     pages     = "519",
     SLACcitation  = "%%CITATION = EPHJA,C35,519;%%"
}

@Article{h1alphas,
  author        = "Adloff, C. and others",
  collaboration = "H1 Collaboration",
  title         = "Deep-Inelastic Inclusive ep Scattering at Low $x$ and a
                   Determination of $\alpha_s$",
  journal       = "Eur. Phys. J.",
  volume        = "C21",
  year          = "2001",
  pages         = "33",
  eprint        = "hep-ex/0012053",
  SLACcitation  = "%%CITATION = HEP-EX 0012053;%%"
}

@Book{Donnachie:2002en,
     author    = "Donnachie, S. and Dosch, G. and Nachtmann, O. and
                  Landshoff, P.",
     title     = "Pomeron physics and QCD",
     series    = "Camb.\ Monogr.\ Part.\ Phys.\ Nucl.\ Phys.\ Cosmol.",
     volume    = "19",
     isbn      = "052178039X",
     year      = "2002",
     SLACcitation  = "%%CITATION = CMPCE,19,1;%%"
}

@Article{adloff-2001-520,
  author        = "Adloff, C. and others",
  collaboration = "H1 Collaboration",
  title         = {On the Rise of the Proton Structure Function F\_2 Towards Low x},
  journal       = {Phys. Lett.},
  volume        = {B520},
  pages         = {183},
  year          = {2001},
  eprint        = "hep-ex/0108035",
  SLACcitation  = "%%CITATION = HEP-EX 0108035;%%"
}

@Article{Adloff:2003uh,
  author        = "Adloff, C. and others",
  collaboration = "H1 Collaboration",
  title         = "Measurement and QCD analysis of neutral and charged current
                   cross  sections at HERA",
  journal       = epjc,
  volume        = "30",
  year          = "2003",
  pages         = "1",
  eprint        = "hep-ex/0304003",
  SLACcitation  = "%%CITATION = HEP-EX 0304003;%%"
}

@Article{Chekanov:2001qu,
  author        = "Chekanov, S. and others",
  collaboration = "ZEUS Collaboration",
  title         = "Measurement of the neutral current cross section and F2
                   structure  function for deep inelastic e+ p scattering at
                   HERA",
  journal       = epjc,
  volume        = "21",
  year          = "2001",
  pages         = "443",
  eprint        = "hep-ex/0105090",
  SLACcitation  = "%%CITATION = HEP-EX 0105090;%%"
}

@Article{Chekanov:2002ej,
     author    = "Chekanov, S. and others",
 collaboration = "ZEUS Collaboration",
     title     = "{Measurement of high-Q**2 e- p neutral current cross
                  sections at HERA and the extraction of xF3}",
     journal   = "Eur. Phys. J.",
     volume    = "C28",
     year      = "2003",
     pages     = "175",
     eprint    = "hep-ex/0208040",
     archivePrefix = "arXiv",
     SLACcitation  = "%%CITATION = HEP-EX/0208040;%%"
}

@Article{Chekanov:2002zs,
     author    = "Chekanov, S. and others",
 collaboration = "ZEUS Collaboration",
     title     = "{Measurement of high-Q**2 charged current cross sections in
                  e- p deep  inelastic scattering at HERA}",
     journal   = "Phys. Lett.",
     volume    = "B539",
     year      = "2002",
     pages     = "197-217",
     eprint    = "hep-ex/0205091",
     archivePrefix = "arXiv",
     doi       = "10.1016/S0370-2693(02)02093-2",
     note      = "\protect{[Erratum-ibid. B{\bf 552} (2003) 308]}",
     SLACcitation  = "%%CITATION = HEP-EX/0205091;%%"
}


@Article{Chekanov:2002pv,
  author        = "Chekanov, S. and others",
  collaboration = "ZEUS Collaboration",
  title         = "A ZEUS next-to-leading-order QCD analysis of data on deep
                 inelastic scattering",
  journal       = prd,
  volume        = "67",
  year          = "2003",
  pages         = "012007",
  eprint        = "hep-ex/0208023",
  SLACcitation  = "%%CITATION = HEP-EX 0208023;%%"
}

@Article{Chekanov:2003vw,
     author    = "Chekanov, S. and others",
 collaboration = "ZEUS Collaboration",
     title     = "{Measurement of high-Q**2 charged current cross sections in
                  e+ p deep  inelastic scattering at HERA}",
     journal   = "Eur. Phys. J.",
     volume    = "C32",
     year      = "2003",
     pages     = "1-16",
     eprint    = "hep-ex/0307043",
     archivePrefix = "arXiv",
     doi       = "10.1140/epjc/s2003-01363-5",
     SLACcitation  = "%%CITATION = HEP-EX/0307043;%%"
}

@article{VFN,
      author         = "Demina, R. and Keller, S. and Kramer, M. and Kretzer, S.
                        and Martin, R. and others",
      title          = "{Heavy quark production and PDF ' $s$ subgroup report}",
      year           = "1999",
      eprint         = "hep-ph/0005112",
      archivePrefix  = "arXiv",
      primaryClass   = "hep-ph",
      SLACcitation   = "%%CITATION = HEP-PH/0005112;%%",
}

@Article{ACOT,
  author        = "Chekanov, S. and others",
  collaboration = "ZEUS Collaboration",
  title         = "High-$Q^2$ neutral current cross sections in $e^+ p$ deep
                   inelastic  scattering at $\sqrt{s} = 318$\,GeV",
  journal       = prd,
  volume        = "70",
  year          = "2004",
  pages         = "052001",
  eprint        = "hep-ex/0401003",
  SLACcitation  = "%%CITATION = HEP-EX 0401003;%%"
}

@Article{Chekanov:2005nn,
  author        = "Chekanov, S. and others",
  collaboration = "ZEUS Collaboration",
  title         = "An NLO QCD analysis of inclusive cross-section and jet-
                   production data  from the ZEUS experiment",
  year          = "2005",
  eprint        = "hep-ph/0503274",
  SLACcitation  = "%%CITATION = HEP-PH 0503274;%%"
}

@Article{Adloff:1997mf,
  author        = "Adloff, C. and others",
  collaboration = "H1 Collaboration",
  title         = "A measurement of the proton structure function $F_2(x,Q^2)$
                   at low $x$ and low $Q^2$ at HERA",
  journal       = npb,
  volume        = "497",
  year          = "1997",
  pages         = "3",
  eprint        = "hep-ex/9703012",
  SLACcitation  = "%%CITATION = HEP-EX 9703012;%%"
}


@article{CWZ,
      author         = "Collins, John C.",
      title          = "{Hard scattering factorization with heavy quarks: A
                        General treatment}",
      journal        = "Phys.Rev.",
      volume         = "D58",
      pages          = "094002",
      doi            = "10.1103/PhysRevD.58.094002",
      year           = "1998",
      eprint         = "hep-ph/9806259",
      archivePrefix  = "arXiv",
      primaryClass   = "hep-ph",
      reportNumber   = "PSU-TH-198",
      SLACcitation   = "%%CITATION = HEP-PH/9806259;%%",
}
@Article{Breitweg:2000yn,
  author        = "Breitweg, J. and others",
  collaboration = "ZEUS Collaboration",
  title         = "Measurement of the proton structure function $F_2$ at very
                   low $Q^2$ at HERA",
  journal       = plb,
  volume        = "487",
  year          = "2000",
  pages         = "53",
  eprint        = "hep-ex/0005018",
  SLACcitation  = "%%CITATION = HEP-EX 0005018;%%"
}

@Article{moch-2000-573,
  author        = "S. Moch and J.~A.~M. Vermaseren",
  title         = "Deep Inelastic Structure Functions at two Loops",
  journal       = npb,
  volume        = "573",
  pages         = "853",
  year          = "2000",
  eprint        = "hep-ph/9912355",
  SLACcitation  = "%%CITATION = HEP-PH 9912355;%%"
}


@Article{qedc,
  author        = "Aktas, A.  and others",
  collaboration = "H1 Collaboration",
  title         = "Measurement of the Proton Structure Function $F_2$ 
                   at low $Q^2$ in QED Compton Scattering at HERA",
  journal       = plb,
  year          = "2004",
  volume        = "598",
  pages         = "159"  
}

@Article{Ahmed:1995cf,
     author    = "Ahmed, T. and others",
 collaboration = "H1 Collaboration",
     title     = "Experimental study of hard photon radiation processes at
                  HERA",
     journal   = "Z. Phys.",
     volume    = "C66",
     year      = "1995",
     pages     = "529-542",
     SLACcitation  = "%%CITATION = ZEPYA,C66,529;%%"
}

@Article{Derrick:1996ef,
  author        = "Derrick, M.  and others",
  collaboration = "ZEUS Collaboration",
  title         = "ZEUS shifted vertex 1995",
  journal       = zpc,
  year          = "1996",
  volume        = "69",
  pages         = "607",
  SLACcitation  = "%%CITATION = HEP-EX 9510009;%%"
}

@Article{Aid:1996au,
     author    = "Aid, S. and others",
 collaboration = "H1 Collaboration",
     title     = "A Measurement and QCD Analysis of the Proton Structure
                  Function $F_2(x,Q^2)$ at HERA",
     journal   = "Nucl. Phys.",
     volume    = "B470",
     year      = "1996",
     pages     = "3-40",
     eprint    = "hep-ex/9603004",
     SLACcitation  = "%%CITATION = HEP-EX 9603004;%%"
}

@Article{Krasny:1991hd,
     author    = "Krasny, M. W. and Placzek, W. and Spiesberger, H.",
     title     = "Determination of the longitudinal structure function at
                  HERA from radiative events",
     journal   = zpc,
     volume    = "53",
     year      = "1992",
     pages     = "687",
     SLACcitation  = "%%CITATION = ZEPYA,C53,687;%%"
}

@Article{Gribov:1972ri,
     author    = "Gribov, V. N. and Lipatov, L. N.",
     title     = "Deep inelastic e p scattering in perturbation theory",
     journal   = sjnp,
     volume    = "15",
     year      = "1972",
     pages     = "438",
     SLACcitation  = "%%CITATION = SJNCA,15,438;%%"
}

@Article{Gribov:1972rt,
     author    = "Gribov, V. N. and Lipatov, L. N.",
     title     = "e+ e- pair annihilation and deep inelastic e p scattering
                  in perturbation theory",
     journal   = sjnp,
     volume    = "15",
     year      = "1972",
     pages     = "675",
     SLACcitation  = "%%CITATION = SJNCA,15,675;%%"
}

@Article{Lipatov:1974qm,
     author    = "Lipatov, L. N.",
     title     = "The parton model and perturbation theory",
     journal   = "Sov. J. Nucl. Phys.",
     volume    = "20",
     year      = "1975",
     pages     = "94",
     SLACcitation  = "%%CITATION = SJNCA,20,94;%%"
}

@Article{Dokshitzer:1977sg,
     author    = "Dokshitzer, Yu. L.",
     title     = "Calculation Of The Structure Functions For Deep Inelastic
                  Scattering And $e^+e^-$ Annihilation By Perturbation Theory
                  In Quantum Chromodynamics (In Russian)",
     journal   = jetp,
     volume    = "46",
     year      = "1977",
     pages     = "641",
     SLACcitation  = "%%CITATION = SPHJA,46,641;%%"
}

@Article{Altarelli:1977zs,
  author        = "Altarelli, G. and Parisi, G.",
  title         = "Asymptotic Freedom In Parton Language",
  journal       = npb,
  volume        = "126",
  year          = "1977",
  pages         = "298",
  SLACcitation  = "%%CITATION = NUPHA,B126,298;%%"
}

@Article{Aid:1995we,
  author        = "Aid, S. and others",
  collaboration = "H1 Collaboration",
  title         = "Transverse energy and forward jet production in the low x
                   regime at HERA",
  journal       = plb,
  volume        = "356",
  year          = "1995",
  pages         = "118",
  eprint        = "hep-ex/9506012",
  SLACcitation  = "%%CITATION = HEP-EX 9506012;%%"
}

@Article{Adloff:1998fa,
  author        = "Adloff, C. and others",
  collaboration = "H1 Collaboration",
  title         = "Forward jet and particle production at HERA",
  journal       = npb,
  volume        = "538",
  year          = "1999",
  pages         = "3",
  eprint        = "hep-ex/9809028",
  SLACcitation  = "%%CITATION = HEP-EX 9809028;%%"
}

@Article{Breitweg:1997hz,
     author    = "Breitweg, J. and others",
 collaboration = "ZEUS Collaboration",
     title     = "{Measurement of the proton structure function F2 and
                  sigma(tot)(gamma* p) at low Q**2 and very low x at HERA}",
     journal   = "Phys. Lett.",
     volume    = "B407",
     year      = "1997",
     pages     = "432-448",
     eprint    = "hep-ex/9707025",
     archivePrefix = "arXiv",
     doi       = "10.1016/S0370-2693(97)00905-2",
     SLACcitation  = "%%CITATION = HEP-EX/9707025;%%"
}

@Article{Breitweg:1998ed,
  author        = "Breitweg, J. and others",
  collaboration = "ZEUS Collaboration",
  title         = "Forward jet production in deep inelastic scattering at
                   HERA",
  journal       = epjc,
  volume        = "6",
  year          = "1999",
  pages         = "239",
  eprint        = "hep-ex/9805016",
  SLACcitation  = "%%CITATION = HEP-EX 9805016;%%"
}

@Article{Breitweg:1998dz,
     author    = "Breitweg, J. and others",
 collaboration = "ZEUS Collaboration",
     title     = "{ZEUS results on the measurement and phenomenology of F2 at
                  low x and  low Q**2}",
     journal   = "Eur. Phys. J.",
     volume    = "C7",
     year      = "1999",
     pages     = "609-630",
     eprint    = "hep-ex/9809005",
     archivePrefix = "arXiv",
     doi       = "10.1007/s100529901084",
     SLACcitation  = "%%CITATION = HEP-EX/9809005;%%"
}


@Article{Breitweg:1999ss,
  author        = "Breitweg, J. and others",
  collaboration = "ZEUS Collaboration",
  title         = "Measurement of the $E_{T,{\rm jet}}^2/Q^2$ dependence of
                   forward-jet  production at HERA",
  journal       = plb,
  volume        = "474",
  year          = "2000",
  pages         = "223",
  eprint        = "hep-ex/9910043",
  SLACcitation  = "%%CITATION = HEP-EX 9910043;%%"
}

@Article{Aktas:2005up,
  author        = "Aktas, A. and others",
  collaboration = "H1 Collaboration",
  title         = "Forward jet production in deep inelastic scattering at
                   HERA",
  year          = "2005",
  eprint        = "hep-ex/0508055",
  SLACcitation  = "%%CITATION = HEP-EX 0508055;%%"
}

@Article{Kuraev:1976ge,
  author        = "Kuraev, E. A. and Lipatov, L. N. and Fadin, V. S.",
  title         = "Multi-Reggeon Processes in the Yang-Mills Theory",
  journal       = jetp,
  volume        = "44",
  year          = "1976",
  pages         = "443",
  SLACcitation  = "%%CITATION = SPHJA,44,443;%%"
}

@Article{Kuraev:1977fs,
  author        = "Kuraev, E. A. and Lipatov, L. N. and Fadin, V. S.",
  title         = "The Pomeranchuk Singularity in Nonabelian Gauge Theories",
  journal       = jetp,
  volume        = "45",
  year          = "1977",
  pages         = "199",
  SLACcitation  = "%%CITATION = SPHJA,45,199;%%"
}

@Article{Balitsky:1978ic,
  author        = "Balitsky, I. I. and Lipatov, L. N.",
  title         = "The Pomeranchuk Singularity in Quantum Chromodynamics",
  journal       = sjnp,
  volume        = "28",
  year          = "1978",
  pages         = "822",
  SLACcitation  = "%%CITATION = SJNCA,28,822;%%"
}

@Article{Fadin:1989kf,
     author    = "Fadin, V. S. and Lipatov, L. N.",
     title     = "High-Energy Production of Gluons in a Quasimultiregge
                  Kinematics",
     journal   = jetpl,
     volume    = "49",
     year      = "1989",
     pages     = "352",
     SLACcitation  = "%%CITATION = JTPLA,49,352;%%"
}

@Article{Catani:1990xk,
     author    = "Catani, S. and Ciafaloni, M. and Hautmann, F.",
     title     = "Gluon Contributions to Small $x$ Heavy Flavor Production",
     journal   = plb,
     volume    = "242",
     year      = "1990",
     pages     = "97",
     SLACcitation  = "%%CITATION = PHLTA,B242,97;%%"
}

@Article{Catani:1990eg,
     author    = "Catani, S. and Ciafaloni, M. and Hautmann, F.",
     title     = "High-energy factorization and small $x$ heavy flavor
                  production",
     journal   = npb,
     volume    = "366",
     year      = "1991",
     pages     = "135",
     SLACcitation  = "%%CITATION = NUPHA,B366,135;%%"
}

@Article{Collins:1991ty,
     author    = "Collins, John C. and Ellis, R. K.",
     title     = "Heavy quark production in very high-energy hadron
                  collisions",
     journal   = npb,
     volume    = "360",
     year      = "1991",
     pages     = "3",
     SLACcitation  = "%%CITATION = NUPHA,B360,3;%%"
}

@Article{Gluck:1991ee,
     author    = "Gluck, M. and Reya, E. and Vogt, A.",
     title     = "Parton structure of the photon beyond the leading order",
     journal   = prd,
     volume    = "45",
     year      = "1992",
     pages     = "3986",
     SLACcitation  = "%%CITATION = PHRVA,D45,3986;%%"
}

@Article{Catani:1993ww,
     author    = "Catani, S. and Ciafaloni, M. and Hautmann, F.",
     title     = "High-energy factorization in QCD and minimal subtraction
                  scheme",
     journal   = plb,
     volume    = "307",
     year      = "1993",
     pages     = "147",
     SLACcitation  = "%%CITATION = PHLTA,B307,147;%%"
}

@Article{Fadin:1993wh,
     author    = "Fadin, V. S. and Lipatov, L. N.",
     title     = "Radiative corrections to QCD scattering amplitudes in a
                  multi - Regge kinematics",
     journal   = npb,
     volume    = "406",
     year      = "1993",
     pages     = "259",
     SLACcitation  = "%%CITATION = NUPHA,B406,259;%%"
}

@Article{Catani:1994sq,
     author    = "Catani, S. and Hautmann, F.",
     title     = "High-energy factorization and small $x$ deep inelastic
                  scattering beyond leading order",
     journal   = npb,
     volume    = "427",
     year      = "1994",
     pages     = "475",
     eprint    = "hep-ph/9405388",
     SLACcitation  = "%%CITATION = HEP-PH 9405388;%%"
}

@Article{Fadin:1995xg,
     author    = "Fadin, V. S. and Kotsky, M. I. and Fiore, R.",
     title     = "Gluon Reggeization in QCD in the next-to-leading order",
     journal   = plb,
     volume    = "359",
     year      = "1995",
     pages     = "181",
     SLACcitation  = "%%CITATION = PHLTA,B359,181;%%"
}

@Article{DelDuca:1995ki,
     author    = "Del Duca, V.",
     title     = "Real next-to-leading corrections to the multigluon
                  amplitudes in the helicity formalism",
     journal   = prd,
     volume    = "54",
     year      = "1996",
     pages     = "989",
     eprint    = "hep-ph/9601211",
     SLACcitation  = "%%CITATION = HEP-PH 9601211;%%"
}

@Article{Fadin:1996nw,
     author    = "Fadin, V. S. and Lipatov, L. N.",
     title     = "Next-to-leading Corrections to the BFKL Equation From the
                  Gluon and Quark Production",
     journal   = npb,
     volume    = "477",
     year      = "1996",
     pages     = "767",
     eprint    = "hep-ph/9602287",
     SLACcitation  = "%%CITATION = HEP-PH 9602287;%%"
}

@Article{DelDuca:1996me,
     author    = "Del Duca, V.",
     title     = "Quark-antiquark contribution to the multigluon amplitudes
                  in the helicity formalism",
     journal   = prd,
     volume    = "54",
     year      = "1996",
     pages     = "4474",
     eprint    = "hep-ph/9604250",
     SLACcitation  = "%%CITATION = HEP-PH 9604250;%%"
}

@Article{Fadin:1996tb,
     author    = "Fadin, V. S. and Fiore, R. and Kotsky, M. I.",
     title     = "Gluon Regge trajectory in the two-loop approximation",
     journal   = plb,
     volume    = "387",
     year      = "1996",
     pages     = "593",
     eprint    = "hep-ph/9605357",
     SLACcitation  = "%%CITATION = HEP-PH 9605357;%%"
}

@Article{Camici:1996st,
     author    = "Camici, G. and Ciafaloni, M.",
     title     = "Non-abelian $q\bar{q}$ contributions to small-$x$ anomalous
                  dimensions",
     journal   = plb,
     volume    = "386",
     year      = "1996",
     pages     = "341-349",
     eprint    = "hep-ph/9606427",
     SLACcitation  = "%%CITATION = HEP-PH 9606427;%%"
}

@Article{Fadin:1996yv,
     author    = "Fadin, V. S. and Fiore, R. and Kotsky, M. I.",
     title     = "Gribov's theorem on soft emission and the Reggeon-Reggeon-
                  gluon vertex  at small transverse momentum",
     journal   = plb,
     volume    = "389",
     year      = "1996",
     pages     = "737",
     eprint    = "hep-ph/9608229",
     SLACcitation  = "%%CITATION = HEP-PH 9608229;%%"
}

@Article{Camici:1997ta,
     author    = "Camici, G. and Ciafaloni, M.",
     title     = "k-factorization and small-x anomalous dimensions",
     journal   = npb,
     volume    = "496",
     year      = "1997",
     pages     = "305",
     eprint    = "hep-ph/9701303",
     SLACcitation  = "%%CITATION = HEP-PH 9701303;%%"
}

@Article{Fadin:1997hr,
     author    = "Fadin, V. S. and Fiore, R. and Flachi, A. and Kotsky,
                  M. I.",
     title     = "Quark-antiquark contribution to the BFKL kernel",
     journal   = plb,
     volume    = "422",
     year      = "1998",
     pages     = "287",
     eprint    = "hep-ph/9711427",
     SLACcitation  = "%%CITATION = HEP-PH 9711427;%%"
}

@Article{Fadin:1998py,
     author    = "Fadin, V. S. and Lipatov, L. N.",
     title     = "BFKL pomeron in the next-to-leading approximation",
     journal   = plb,
     volume    = "429",
     year      = "1998",
     pages     = "127",
     eprint    = "hep-ph/9802290",
     SLACcitation  = "%%CITATION = HEP-PH 9802290;%%"
}

@Article{Ciafaloni:1999yw,
     author    = "Ciafaloni, M. and Colferai, D. and Salam, G. P.",
     title     = "Renormalization group improved small-x equation",
     journal   = prd,
     volume    = "60",
     year      = "1999",
     pages     = "114036",
     eprint    = "hep-ph/9905566",
     SLACcitation  = "%%CITATION = HEP-PH 9905566;%%"
}

@Article{Altarelli:1999vw,
  author        = "Altarelli, G. and Ball, R. D. and Forte, S.",
  title         = "Resummation of singlet parton evolution at small $x$",
  journal       = npb,
  volume        = "575",
  year          = "2000",
  pages         = "313",
  eprint        = "hep-ph/9911273",
  SLACcitation  = "%%CITATION = HEP-PH 9911273;%%"
}

@Article{Thorne:1999sg,
  author        = "Thorne, R. S.",
  title         = "Explicit calculation of the running coupling BFKL anomalous
                   dimension",
  journal       = plb,
  volume        = "474",
  year          = "2000",
  pages         = "372",
  eprint        = "hep-ph/9912284",
  SLACcitation  = "%%CITATION = HEP-PH 9912284;%%"
}

@Article{Thorne:6180,
  author        = "Thorne, R. S.",
  title         = "Effect of changes of variable flavor number 
         scheme on parton distribution functions and predicted cross sections",
  year           = "2012",
  eprint         = "arXiv:1201.6180",
  archivePrefix  = "arXiv",
  primaryClass   = "hep-ph",
  SLACcitation   = "%%CITATION = ARXIV:1201.6180;%%",
}

@Article{Altarelli:2000mh,
  author        = "Altarelli, G. and Ball, R. D. and Forte, S.",
  title         = "Small-x resummation and HERA structure function data",
  journal       = npb,
  volume        = "599",
  year          = "2001",
  pages         = "383",
  eprint        = "hep-ph/0011270",
  SLACcitation  = "%%CITATION = HEP-PH 0011270;%%"
}

@Article{Altarelli:2001ji,
  author        = "Altarelli, G. and Ball, R. D. and Forte, S.",
  title         = "Factorization and resummation of small x scaling violations
                   with  running coupling",
  journal       = npb,
  volume        = "621",
  year          = "2002",
  pages         = "359",
  eprint        = "hep-ph/0109178",
  SLACcitation  = "%%CITATION = HEP-PH 0109178;%%"
}

@Article{cvetic-2001-20,
  author       = "G. Cvetic and D. Schildknecht and B. Surrow and M. Tentyukov",
  title        = "The generalized vector dominance/colour-dipole picture of deep-inelastic  scattering at low x",
  journal      = epjc,
  volume       = "20",
  pages        = "77",
  year         = "2001",
  eprint       = "hep-ph/0102229",
  SLACcitation = "%%CITATION = HEP-PH 0102229;%%"
}

@Article{Altarelli:2003hk,
  author       = "Altarelli, G. and Ball, R. D. and Forte, S.",
  title        = "An anomalous dimension for small $x$ evolution",
  journal      = plb,
  volume       = "674",
  year         = "2003",
  pages        = "459",
  eprint       = "hep-ph/0306156",
  SLACcitation = "%%CITATION = HEP-PH 0306156;%%"
}

@Article{Ciafaloni:2003kd,
  author       = "Ciafaloni, M. and Colferai, D. and Salam, G. P. and
                  Stasto, A. M.",
  title        = "The gluon splitting function at moderately small $x$",
  journal      = plb,
  volume       = "587",
  year         = "2004",
  pages        = "87",
  eprint       = "hep-ph/0311325",
  SLACcitation = "%%CITATION = HEP-PH 0311325;%%"
}

@Article{Fadin:2004zq,
     author    = "Fadin, V. S. and Fiore, R.",
     title     = "Non-forward BFKL pomeron at next-to-leading order",
     journal   = plb,
     volume    = "610",
     year      = "2005",
     pages     = "61",
     eprint    = "hep-ph/0412386",
     SLACcitation  = "%%CITATION = HEP-PH 0412386;%%"
}

@Article{Fadin:2005zj,
     author    = "Fadin, V. S. and Fiore, R.",
     title     = "Non-forward NLO BFKL kernel",
     journal   = prd,
     volume    = "72",
     year      = "2005",
     pages     = "014018",
     eprint    = "hep-ph/0502045",
     SLACcitation  = "%%CITATION = HEP-PH 0502045;%%"
}

@Article{Vera:2005jt,
     author    = "Vera, A. S.",
     title     = "An all-poles approximation to collinear resummations in the
                  Regge limit of perturbative QCD",
     journal   = npb,
     volume    = "722",
     year      = "2005",
     pages     = "65",
     eprint    = "hep-ph/0505128",
     SLACcitation  = "%%CITATION = HEP-PH 0505128;%%"
}

@Article{Ciafaloni:2005cg,
     author    = "Ciafaloni, M. and Colferai, D.",
     title     = "Dimensional regularisation and factorisation schemes in the
                  BFKL equation at subleading level",
     journal   = jhep,
     volume    = "09",
     year      = "2005",
     pages     = "069",
     eprint    = "hep-ph/0507106",
     SLACcitation  = "%%CITATION = HEP-PH 0507106;%%"
}

@inproceedings{hera-lhc-wg1,
  author        = "Altarelli, G. and others",
  title         = "Working Group I: Parton Distributions,
                   Section 5: Resummation",
  booktitle     = "Proc. of the HERA-LHC Workshop",
  editor        = "A.~De~Roeck and H.~Jung",
  publisher     = "CERN/DESY",
  page          = "125-140",
  year          = "2006"
}

@inproceedings{yjb,
  author        = "A.~Blondel and F.~Jacquet",
  title         = " ",
  booktitle     = "Proc. ep Facility for Europe, Amsterdam 1979",
  editor        = " ",
  publisher     = "DESY 79/48",
  page          = "391",
  year          = "1979"
}

@Article{Aktas:2003ja,
     author    = "Aktas, A. and others",
 collaboration = "H1 Collaboration",
     title     = "Inclusive dijet production at low Bjorken $x$ in deep
                  inelastic  scattering",
     journal   = epjc,
     volume    = "33",
     year      = "2004",
     pages     = "477",
     eprint    = "hep-ex/0310019",
     SLACcitation  = "%%CITATION = HEP-EX 0310019;%%"
}


@Article{Aktas:2003ja,
     author    = "Aktas, A. and others",
 collaboration = "H1 Collaboration",
     title     = "Inclusive dijet production at low Bjorken $x$ in deep
                  inelastic  scattering",
     journal   = epjc,
     volume    = "33",
     year      = "2004",
     pages     = "477",
     eprint    = "hep-ex/0310019",
     SLACcitation  = "%%CITATION = HEP-EX 0310019;%%"
}

@Article{ysigma,
     author    = "Bassler, U. and Bernardi, G.",
     title     = " ",
     journal   = nima,
     volume    = "361",
     year      = "1995",
     pages     = "197",
     eprint    = "hep-ex/9412004",
}


@Article{Sjostrand:1993yb,
     author    = "Sjostrand, Torbjorn",
     title     = "{High-energy physics event generation with PYTHIA 5.7 and
                  JETSET 7.4}",
     journal   = "Comput. Phys. Commun.",
     volume    = "82",
     year      = "1994",
     pages     = "74-90",
     doi       = "10.1016/0010-4655(94)90132-5",
     SLACcitation  = "%%CITATION = CPHCB,82,74;%%",
  note          = "\protect{JETSET 7.4}"
}

@Article{cst,
     author    = "Pitzl, D. and others",
     eprint    = "hep-ex/0002044",
     title     = " ",
     journal   = nima,
     volume    = "454",
     year      = "2000",
     pages     = "334",
     archivePrefix = "arXiv",
     primaryClass  =  "hep-ex",
     SLACcitation  = "%%CITATION = 0910.8888;%%"
}


@Article{Chekanov:2003bu,
     author    = "Chekanov, S. and others",
 collaboration = "ZEUS Collaboration",
     title     = "Dijet angular distributions in photoproduction of charm at
                  HERA",
     journal   = plb,
     volume    = "565",
     year      = "2003",
     pages     = "87",
     eprint    = "hep-ex/0302025",
     SLACcitation  = "%%CITATION = HEP-EX 0302025;%%"
}

@Article{Aktas:2005bt,
     author    = "Aktas, A. and others",
 collaboration = "H1 Collaboration",
     title     = "Measurement of charm and beauty photoproduction at HERA
                  using $D^* \mu$ correlations",
     journal   = plb,
     volume    = "621",
     year      = "2005",
     pages     = "56",
     eprint    = "hep-ex/0503038",
     SLACcitation  = "%%CITATION = HEP-EX 0503038;%%"
}

@Article{Jung:2000hk,
  author        = "Jung, H. and Salam, G. P.",
  title         = "Hadronic final state predictions from CCFM: The hadron-
                   level Monte  Carlo generator CASCADE",
  journal       = epjc,
  volume        = "19",
  year          = "2001",
  pages         = "351",
  eprint        = "hep-ph/0012143",
  SLACcitation  = "%%CITATION = HEP-PH 0012143;%%"
}

@Article{Kotikov:2004uf,
  author        = "Kotikov, A. V. and Lipatov, A. V. and Zotov, N. P.",
  title         = "The longitudinal structure function $F_L$: Perturbative QCD
                   and $k_T$-factorization versus experimental data at fixed $W$",
  year          = "2004",
  eprint        = "hep-ph/0403135",
  SLACcitation  = "%%CITATION = HEP-PH 0403135;%%"
}

@Book{Collins:1977jy,
  author        = "Collins, P. D.",
  title         = "An Introduction To Regge Theory And High-Energy Physics",
  publisher     = "Cambridge University Press",
  series        = "Cambridge Monographs on Mathematical Physics",
  year          = "1977",
  isbn          = "0521212456"
}

@Article{Ciafaloni:1987ur,
  author        = "Ciafaloni, M.",
  title         = "Coherence Effects in Initial Jets at Small $Q^2 / s$",
  journal       = npb,
  volume        = "296",
  year          = "1988",
  pages         = "49",
  SLACcitation  = "%%CITATION = NUPHA,B296,49;%%"
}

@Article{Catani:1989yc,
  author        = "Catani, S. and Fiorani, F. and Marchesini, G.",
  title         = "QCD Coherence in Initial State Radiation",
  journal       = plb,
  volume        = "234",
  year          = "1990",
  pages         = "339",
  SLACcitation  = "%%CITATION = PHLTA,B234,339;%%"
}

@Article{Catani:1989sg,
  author        = "Catani, S. and Fiorani, F. and Marchesini, G.",
  title         = "Small $x$ Behavior of Initial State Radiation in
                   Perturbative QCD",
  journal       = npb,
  volume        = "336",
  year          = "1990",
  pages         = "18",
  SLACcitation  = "%%CITATION = NUPHA,B336,18;%%"
}

@Article{Marchesini:1994wr,
  author        = "Marchesini, G.",
  title         = "QCD coherence in the structure function and associated
                   distributions at small $x$",
  journal       = npb,
  volume        = "445",
  year          = "1995",
  pages         = "49",
  eprint        = "hep-ph/9412327",
  SLACcitation  = "%%CITATION = HEP-PH 9412327;%%"
}

@Article{Donnachie:1992ny,
     author    = "Donnachie, A. and Landshoff, P. V.",
     title     = "Total cross-sections",
     journal   = plb,
     volume    = "296",
     year      = "1992",
     pages     = "227",
     eprint    = "hep-ph/9209205",
     SLACcitation  = "%%CITATION = HEP-PH 9209205;%%"
}

@Article{Donnachie:1993it,
     author    = "Donnachie, A. and Landshoff, P. V.",
     title     = "Proton structure function at small $Q^2$",
     journal   = zpc,
     volume    = "61",
     year      = "1994",
     pages     = "139",
     eprint    = "hep-ph/9305319",
     SLACcitation  = "%%CITATION = HEP-PH 9305319;%%"
}

@Article{Donnachie:1998gm,
     author    = "Donnachie, A. and Landshoff, P. V.",
     title     = "Small $x$: Two pomerons!",
     journal   = plb,
     volume    = "437",
     year      = "1998",
     pages     = "408",
     eprint    = "hep-ph/9806344",
     SLACcitation  = "%%CITATION = HEP-PH 9806344;%%"
}

@Article{Donnachie:2001xx,
     author    = "Donnachie, A. and Landshoff, P. V.",
     title     = "New data and the hard pomeron",
     journal   = plb,
     volume    = "518",
     year      = "2001",
     pages     = "63",
     eprint    = "hep-ph/0105088",
     SLACcitation  = "%%CITATION = HEP-PH 0105088;%%"
}

@Article{Abramowicz:1991xz,
     author    = "Abramowicz, H. and Levin, E. M. and Levy, A. and Maor, U.",
     title     = "A Parametrization of sigma-T (gamma* p) above the resonance
                  region $Q^2 \geq 0$",
     journal   = plb,
     volume    = "269",
     year      = "1991",
     pages     = "465",
     SLACcitation  = "%%CITATION = PHLTA,B269,465;%%"
}

@Article{Capella:1994cr,
     author    = "Capella, A. and Kaidalov, A. and Merino, C. and Tran Thanh
                  Van, J.",
     title     = "Structure functions and low $x$ physics",
     journal   = plb,
     volume    = "337",
     year      = "1994",
     pages     = "358",
     eprint    = "hep-ph/9405338",
     SLACcitation  = "%%CITATION = HEP-PH 9405338;%%"
}

@Article{Bertini:1995zv,
     author    = "Bertini, M. and Giffon, M. and Predazzi, E.",
     title     = "Do we need two pomerons?",
     journal   = plb,
     volume    = "349",
     year      = "1995",
     pages     = "561",
     eprint    = "hep-ph/9501254",
     SLACcitation  = "%%CITATION = HEP-PH 9501254;%%"
}

@Article{Abramowicz:1997ms,
     author    = "Abramowicz, H. and Levy, A.",
     title     = "The ALLM Parameterization of $\sigma_{\rm tot}(\gamma^* p)$:
                  An Update",
     year      = "1997",
     eprint    = "hep-ph/9712415",
     SLACcitation  = "%%CITATION = HEP-PH 9712415;%%"
}

@Article{Gribov:1984tu,
     author    = "Gribov, L. V. and Levin, E. M. and Ryskin, M. G.",
     title     = "Semihard Processes in QCD",
     journal   = prpt,
     volume    = "100",
     year      = "1983",
     pages     = "1",
     SLACcitation  = "%%CITATION = PRPLC,100,1;%%"
}

@Article{Mueller:1985wy,
     author    = "Mueller, Alfred H. and Qiu, Jian-Wei",
     title     = "Gluon Recombination and Shadowing at Small Values of $x$",
     journal   = npb,
     volume    = "268",
     year      = "1986",
     pages     = "427",
     SLACcitation  = "%%CITATION = NUPHA,B268,427;%%"
}

@Article{Balitsky:1995ub,
     author    = "Balitsky, I.",
     title     = "Operator expansion for high-energy scattering",
     journal   = npb,
     volume    = "463",
     year      = "1996",
     pages     = "99-160",
     eprint    = "hep-ph/9509348",
     SLACcitation  = "%%CITATION = HEP-PH 9509348;%%"
}

@Article{Kovchegov:1999yj,
     author    = "Kovchegov, Yuri V.",
     title     = "Small-x F2 structure function of a nucleus including
                  multiple pomeron  exchanges",
     journal   = prd,
     volume    = "60",
     year      = "1999",
     pages     = "034008",
     eprint    = "hep-ph/9901281",
     SLACcitation  = "%%CITATION = HEP-PH 9901281;%%"
}

@Article{Braun:2000wr,
     author    = "Braun, M.",
     title     = "Structure function of the nucleus in the perturbative QCD
                  with N(c)  --> infinity (BFKL pomeron fan diagrams)",
     journal   = epjc,
     volume    = "16",
     year      = "2000",
     pages     = "337",
     eprint    = "hep-ph/0001268",
     SLACcitation  = "%%CITATION = HEP-PH 0001268;%%"
}

@Article{Iancu:2000hn,
     author    = "Iancu, Edmond and Leonidov, Andrei and McLerran, Larry D.",
     title     = "Nonlinear gluon evolution in the color glass condensate.
                  I",
     journal   = npa,
     volume    = "692",
     year      = "2001",
     pages     = "583",
     eprint    = "hep-ph/0011241",
     SLACcitation  = "%%CITATION = HEP-PH 0011241;%%"
}

@Article{Bartels:2004ef,
     author    = "Bartels, J. and Lipatov, L. N. and Vacca, G. P.",
     title     = "Interactions of Reggeized gluons in the Moebius
                  representation",
     journal   = npb,
     volume    = "706",
     year      = "2005",
     pages     = "391",
     eprint    = "hep-ph/0404110",
     SLACcitation  = "%%CITATION = HEP-PH 0404110;%%"
}

@Article{Iancu:2003xm,
     author    = "Iancu, E. and Venugopalan, R.",
     title     = "The color glass condensate and high energy scattering in
                  QCD",
     year      = "2003",
     eprint    = "hep-ph/0303204",
     SLACcitation  = "%%CITATION = HEP-PH 0303204;%%"
}

@Article{Nikolaev:1990ja,
     author    = "Nikolaev, N. N. and Zakharov, B. G.",
     title     = "Colour transparency and scaling properties of nuclear
                  shadowing in deep  inelastic scattering",
     journal   = zpc,
     volume    = "49",
     year      = "1991",
     pages     = "607",
     SLACcitation  = "%%CITATION = ZEPYA,C49,607;%%"
}

@Article{Nikolaev:1991et,
     author    = "Nikolaev, Nikolai and Zakharov, Bronislav G.",
     title     = "Pomeron structure function and diffraction dissociation of
                  virtual photons in perturbative QCD",
     journal   = zpc,
     volume    = "53",
     year      = "1992",
     pages     = "331",
     SLACcitation  = "%%CITATION = ZEPYA,C53,331;%%"
}

@Article{Mueller:1993rr,
     author    = "Mueller, A. H.",
     title     = "Soft gluons in the infinite momentum wave function and the
                  BFKL pomeron",
     journal   = npb,
     volume    = "415",
     year      = "1994",
     pages     = "373",
     SLACcitation  = "%%CITATION = NUPHA,B415,373;%%"
}

@Article{Mueller:1994jq,
     author    = "Mueller, A. H. and Patel, B.",
     title     = "Single and double BFKL pomeron exchange and a dipole
                  picture of high-energy hard processes",
     journal   = npb,
     volume    = "425",
     year      = "1994",
     pages     = "471",
     eprint    = "hep-ph/9403256",
     SLACcitation  = "%%CITATION = HEP-PH 9403256;%%"
}

@Article{Mueller:1994gb,
     author    = "Mueller, A. H.",
     title     = "Unitarity and the BFKL pomeron",
     journal   = npb,
     volume    = "437",
     year      = "1995",
     pages     = "107",
     eprint    = "hep-ph/9408245",
     SLACcitation  = "%%CITATION = HEP-PH 9408245;%%"
}

@Article{Salam:1995zd,
     author    = "Salam, G. P.",
     title     = "Multiplicity distribution of color dipoles at small $x$",
     journal   = npb,
     volume    = "449",
     year      = "1995",
     pages     = "589",
     eprint    = "hep-ph/9504284",
     SLACcitation  = "%%CITATION = HEP-PH 9504284;%%"
}

@Article{Salam:1995uy,
     author    = "Salam, G. P.",
     title     = "Studies of Unitarity at Small $x$ Using the Dipole
                  Formulation",
     journal   = npb,
     volume    = "461",
     year      = "1996",
     pages     = "512",
     eprint    = "hep-ph/9509353",
     SLACcitation  = "%%CITATION = HEP-PH 9509353;%%"
}

@Article{Buchmuller:1995mr,
     author    = {Buchm\"uller, W. and Hebecker, A.},
     title     = "Semiclassical Approach to Structure Functions at Small $x$",
     journal   = npb,
     volume    = "476",
     year      = "1996",
     pages     = "203",
     eprint    = "hep-ph/9512329",
     SLACcitation  = "%%CITATION = HEP-PH 9512329;%%"
}

@Article{Golec-Biernat:1998js,
     author    = {Golec-Biernat, K. and W\"usthoff, M.},
     title     = "Saturation effects in deep inelastic scattering at low $Q^2$
                  and its implications on diffraction",
     journal   = prd,
     volume    = "59",
     year      = "1999",
     pages     = "014017",
     eprint    = "hep-ph/9807513",
     SLACcitation  = "%%CITATION = HEP-PH 9807513;%%"
}

@Article{Andersen:2006pg,
     author    = "Andersen, Jeppe R. and others",
     title     = "Small x phenomenology: Summary of the 3rd Lund small x
                  workshop in  2004",
     journal   = epjc,
     volume    = "48",
     year      = "2006",
     pages     = "53",
     eprint    = "hep-ph/0604189",
     SLACcitation  = "%%CITATION = HEP-PH 0604189;%%"
}

@Article{Forshaw:1999uf,
     author    = "Forshaw, J. R. and Kerley, G. and Shaw, G.",
     title     = "Extracting the dipole cross-section from photo- and
                  electro-production total cross-section data",
     journal   = prd,
     volume    = "60",
     year      = "1999",
     pages     = "074012",
     eprint    = "hep-ph/9903341",
     SLACcitation  = "%%CITATION = HEP-PH 9903341;%%"
}

@Article{Golec-Biernat:1999qd,
     author    = {Golec-Biernat, K. and W\"usthoff, M.},
     title     = "Saturation in diffractive deep inelastic scattering",
     journal   = prd,
     volume    = "60",
     year      = "1999",
     pages     = "114023",
     eprint    = "hep-ph/9903358",
     SLACcitation  = "%%CITATION = HEP-PH 9903358;%%"
}

@Article{Stasto:2000er,
     author    = "Stasto, A. M. and Golec-Biernat, K. and Kwiecinski, J.",
     title     = "Geometric scaling for the total gamma* p cross-section in
                  the low x  region",
     journal   = prl,
     volume    = "86",
     year      = "2001",
     pages     = "596",
     eprint    = "hep-ph/0007192",
     SLACcitation  = "%%CITATION = HEP-PH 0007192;%%"
}

@Article{Bartels:2002cj,
     author    = "Bartels, J. and Golec-Biernat, K. and Kowalski, H.",
     title     = "A modification of the saturation model: DGLAP evolution",
     journal   = prd,
     volume    = "66",
     year      = "2002",
     pages     = "014001",
     eprint    = "hep-ph/0203258",
     SLACcitation  = "%%CITATION = HEP-PH 0203258;%%"
}

@Article{Bartels-2000-17,
  author = {J. Bartels and K. Golec-Biernat and K. Peters},
  title = {An estimate of higher twist at small x and low Q\^2 based upon a saturation model},
  journal = epjc,
  volume = {17},
  pages = {121},
  year = {2000},
  eprint = {hep-ph/0003042},
  SLACcitation  = "%%CITATION = HEP-PH 0003042;%%"
}

@Article{McDermott:1999fa,
     author    = "McDermott, M. and Frankfurt, L. and Guzey, V. and Strikman,
                  M.",
     title     = "Unitarity and the QCD-improved dipole picture",
     journal   = epjc,
     volume    = "16",
     year      = "2000",
     pages     = "641",
     eprint    = "hep-ph/9912547",
     SLACcitation  = "%%CITATION = HEP-PH 9912547;%%"
}

@Article{Gotsman:1999mw,
  author        = "Gotsman, E. and Levin, E. and Maor, U. and Naftali, E.",
  title         = "Total $\gamma^* p$ cross section",
  journal       = epjc,
  volume        = "10",
  year          = "1999",
  pages         = "689",
  eprint        = "hep-ph/9904277",
  SLACcitation  = "%%CITATION = HEP-PH 9904277;%%"
}

@Article{Gotsman:1998qi,
     author    = "Gotsman, E. and Levin, E. and Maor, U. and Naftali, E.",
     title     = "The effect of screening on the $x$ and $Q^2$ behaviour
                  of $F_2$ slopes",
     journal   = npb,
     volume    = "539",
     year      = "1999",
     pages     = "535",
     eprint    = "hep-ph/9808257",
     SLACcitation  = "%%CITATION = HEP-PH 9808257;%%"
}

@Article{Gotsman:2000ku,
     author    = "Gotsman, E. and Ferreira, E. and Levin, E. and Maor, U. and
                  Naftali, E.",
     title     = "Scaling violations in the $Q^2$ logarithmic derivative of
                  $F_2$",
     journal   = plb,
     volume    = "500",
     year      = "2001",
     pages     = "87",
     eprint    = "hep-ph/0011257",
     SLACcitation  = "%%CITATION = HEP-PH 0011257;%%"
}

@Article{Levin:2001yv,
     author    = "Levin, E. and Lublinsky, M.",
     title     = "Non-linear evolution and high energy diffractive
                  production",
     journal   = plb,
     volume    = "521",
     year      = "2001",
     pages     = "233",
     eprint    = "hep-ph/0108265",
     SLACcitation  = "%%CITATION = HEP-PH 0108265;%%"
}

@Article{Gotsman:2002yy,
  author        = "Gotsman, E. and Levin, E. and Lublinsky, M. and Maor, U.",
  title         = "Towards a new global QCD analysis: Low $x$ DIS data from
                   non-linear evolution",
  journal       = epjc,
  volume        = "27",
  year          = "2003",
  pages         = "411",
  eprint        = "hep-ph/0209074",
  SLACcitation  = "%%CITATION = HEP-PH 0209074;%%"
}

@Article{Bartels:2003aa,
  author        = "Bartels, J. and Gotsman, E. and Levin, E. and Lublinsky, M.
                   and Maor, U.",
  title         = "QCD saturation and photoproduction on proton and nuclei
                   targets",
  journal       = prd,
  volume        = "68",
  year          = "2003",
  pages         = "054008",
  eprint        = "hep-ph/0304166",
  SLACcitation  = "%%CITATION = HEP-PH 0304166;%%"
}


@Article{Forshaw:2004vv,
     author    = "Forshaw, Jeffrey R. and Shaw, G.",
     title     = "Gluon saturation in the colour dipole model?",
     journal   = "JHEP",
     volume    = "12",
     year      = "2004",
     pages     = "052",
     eprint    = "hep-ph/0411337",
     SLACcitation  = "%%CITATION = HEP-PH 0411337;%%"
}

@Article{Forshaw:2005xs,
     author    = "Forshaw, Jeffrey R. and Shaw, G.",
     title     = "Colour dipole phenomenology",
     journal   = npps,
     volume    = "146",
     year      = "2005",
     pages     = "206",
     SLACcitation  = "%%CITATION = NUPHZ,146,206;%%"
}

@Article{Forshaw:2006np,
     author    = "Forshaw, J. R. and Sandapen, R. and Shaw, G.",
     title     = "Further success of the colour dipole model",
     year      = "2006",
     eprint    = "hep-ph/0608161",
     SLACcitation  = "%%CITATION = HEP-PH 0608161;%%"
}

@Article{Watt:2005iu,
     author    = "Watt, G. and Martin, A. D. and Ryskin, M. G.",
     title     = "Effect of absorptive corrections on inclusive parton
                  distributions",
     journal   = plb,
     volume    = "627",
     year      = "2005",
     pages     = "97",
     eprint    = "hep-ph/0508093",
     SLACcitation  = "%%CITATION = HEP-PH 0508093;%%"
}

@Article{Martin:epC63,
     author    = "Martin, A. D.",
     title     = "",
     journal   = epjc,
     volume    = "63",
     year      = "2009",
     pages     = "189",
     archivePrefix  = "arXiv",
     primaryClass   = "hep-ph",
     SLACcitation   = "%%CITATION = ARXIV:0901.0002;%%",
}

@Article{Kowalski:2006hc,
     author    = "Kowalski, H. and Motyka, L. and Watt, G.",
     title     = "Exclusive diffractive processes at HERA within the dipole
                  picture",
     journal   = prd,
     volume    = "74",
     year      = "2006",
     pages     = "074016",
     eprint    = "hep-ph/0606272",
     SLACcitation  = "%%CITATION = HEP-PH 0606272;%%"
}

@Article{altmar,
   author = "G. Altarelli and G. Martinelli",
   title = "FL",
   journal = plb,
   volume = "76",
   pages = "89",
   year = "1978"
}

@Article{fractal,
  author        = "T.~La{\v{s}}tovi{\v{c}}ka",
  title         = "Self-similar properties of the proton structure at low $x$",
  journal       = epjc,
  volume        = "24",
  year          = "2002",
  pages         = "529",
  eprint        = "hep-ph/0203260",
  SLACcitation  = "%%CITATION = HEP-PH 0203260;%%"
}

@Article{nachtmann:2007,
     author    = "Ewerz, Carlo and Nachtmann, Otto",
     title     = "Bounds on Ratios of DIS Structure Functions from the Color
                  Dipole  Picture",
     journal   = plb,
     volume    = "648",
     year      = "2007",
     pages     = "279-283",
     eprint    = "hep-ph/0611076",
     SLACcitation  = "%%CITATION = HEP-PH/0611076;%%"
}


@inproceedings{django,
  author        = "G.~A.~Schuler and H.~Spiesberger",
  title         = "(title?)",
  booktitle     = "Proc. of the Workshop on HERA Physics",
  editor        = "W.~Buchmuller and G.~Ingelman",
  publisher     = "DESY, Hamburg",
  volume        = "3",
  pages         = "1419",
  year          = "1992",
  note          = "\protect{DJANGOH 1.4}"
}

@Article{heracles,
  author        = "A.~Kwiatkowski and H.~Spiesberger and H.-J.~Moehring",
  title         = " ",
  journal       = cpc,
  volume        = "69",
  pages         = "155",
  year          = "1992"
}

@Article{ari,
  author        = {L.~L\"onnblad},
  title         = " ",
  journal       = cpc,
  year          = "1992",
  volume        = "71",
  pages         = "15",
  note          = "\protect{ARIADNE 4.1}"
}

@Article{CDMA,
  author        = "G.~Gustafson and U.~Petterson",
  title         = " ",
  journal       = npb,
  year          = "1988",
  volume        = "306",
  pages         = "746"
}

@Article{CDMB,
  author        = "B.~Andersson and others",
  title         = " ",
  journal       = zpc,
  year          = 1989,
  volume        = "43",
  pages         = "625"
}

@Article{jetset,
  author        = {T.~Sj\"ostrand and M.~Bengtsson},
  title         = " ",
  journal       = cpc,
  year          = "1987",
  volume        = "43",
  pages         = "367",
}

@Article{lepto,
  author        = "G.~Ingelman and A.~Edin and J.~Rathsman",
  title         = " ",
  journal       = cpc,
  year          = "1997",
  volume        = "101",
  pages         = "108"
}

@Article{phojet0,
  author        = "R.~Engel",
  title         = " ",
  journal       = zpc,
  year          = "1995",
  volume        = "66",
  pages         = "203",
}

@Article{phojet,
  author        = "R.~Engel and J.~Ranft",
  title         = " ",
  journal       = prd,
  year          = "1996",
  volume        = "54",
  pages         = "4244",
  eprint        = "hep-ph/9509373",
  note          = "\protect{PHOJET 1.6}"
}

@Preprint{geant,
  author        = "R.~Brun and others",
  title         = "GEANT3 User's Guide",
  howpublished  = "CERN",
  eprint        = "CERN-DD/EE 84-01",
  year          = "1987"
}


@Article{sophia,
     author    = {A.~M\"ucke and others},
     title     = "{Monte Carlo simulations of photohadronic processes in
                  astrophysics}",
     journal   = cpc,
     volume    = "124",
     year      = "2000",
     pages     = "290-314",
     eprint    = "astro-ph/9903478",
     archivePrefix = "arXiv",
     doi       = "10.1016/S0010-4655(99)00446-4",
     SLACcitation  = "%%CITATION = ASTRO-PH/9903478;%%"
}

@Article{hector,
  author        = "A.~Arbuzov and others",
  collaboration = "",
  title         = "{HECTOR 1.00 - A program for the calculation of QED, QCD
                  and electroweak corrections to ep and lN deep inelastic
                  neutral and charged current scattering}",
  journal       = cpc,
  year          = 1996,
  volume        = 94,
  pages         = 128,
  eprint        = "hep-ph/9511434",
  note          = "\protect{HECTOR 1.0}"  
}

@inproceedings{glazovaa,
  author        = "S.~Glazov",
  title         = "Averaging of DIS Cross Section Data" ,
  booktitle     = "DEEP INELASTIC SCATTERING: 13th International Workshop 
                   on Deep Inelastic Scattering; DIS 2005",
  editor        = "W.~Smith and S.~R.~Dasu",
  publisher     = "AIP Conference Proceedings",
  page          = "200",
  year          = "2005"
}

@Article{glazov,
     author    = "Glazov, A.",
     title     = "{Averaging of DIS cross section data}",
     journal   = "AIP Conf. Proc.",
     volume    = "792",
     year      = "2005",
     pages     = "237-240",
     doi       = "10.1063/1.2122026",
     SLACcitation  = "%%CITATION = APCPC,792,237;%%"
}



@Article{h1det,
     author    = "Abt, I. and others",
 collaboration = "H1 Collaboration",
     title     = "The H1 detector at HERA",
     journal   = nima,
     volume    = "386",
     year      = "1997",
     pages     = "310",
     SLACcitation  = "%%CITATION = NUIMA,A386,310;%%"
}

@Article{h1det2,
     author    = "Abt, I. and others",
 collaboration = "H1 Collaboration",
     title     = "The Tracking, calorimeter and muon detectors of the H1
                  experiment at HERA ",
     journal   = nima,
     volume    = "386",
     year      = "1997",
     pages     = "348",
     SLACcitation  = "%%CITATION = NUIMA,A386,348;%%"
}

@Article{Andrieu:1993kh,
     author    = "Andrieu, B. and others",
 collaboration = "H1  Calorimeter Group",
     title       = "{The H1  liquid argon calorimeter system}",
     journal   = "Nucl. Instrum. Meth.",
     volume    = "A336",
     year      = "1993",
     pages     = "460-498",
     SLACcitation  = "%%CITATION = NUIMA,A336,460;%%"
}


@Article{larnim2,
     author    = "Andrieu, B. and others",
 collaboration = "H1 Calorimeter Group",
     title     = "???",
     journal   = nima,
     volume    = "336",
     year      = "1993",
     pages     = "499",
     SLACcitation  = "%%CITATION = NUIMA,A336,499;%%"
}


@Misc{spacalha,
  author        = "Appuhn, R. D. and others",
  title         = "H1 backward upgrade with a SPACAL calorimeter: The Hadronic section",
  howpublished  = "DESY",
  year          = "1996",
  eprint        = "96-013"
}
 
@Article{spacala,
  author        = "T.~Nicholls and others",
  collaboration = "H1 SpaCal Group",
  title         = "Performance of an electromagnetic lead/scintillating-fibre
                   calorimeter for H1 detector",
  journal       = nima,
  year          = "1996",
  volume        = "374",
  pages         = "149"   
}

@Article{spacalb,
     author    = "Appuhn, R. D. and others",
 collaboration = "H1 SpaCal Group",
     title     = "Hadronic response and e/pi separation with the H1
                  lead/fibre  calorimeter",
     journal   = nima,
     volume    = "382",
     year      = "1996",
     pages     = "395",
     SLACcitation  = "%%CITATION = NUIMA,A382,395;%%"
}

@Article{spacalc,
  author        = "Appuhn, R. D. and others",
  collaboration = "H1 SpaCal Group",
  title         = "The H1 lead/scintillating-fibre calorimeter",
  journal       = nima,
  year          = "1997",
  volume        = "386",
  pages         = "397"   
}

@Article{gflash,
  author        = "G.~Grindhammer and M.~Rudowicz and S.~Peters",
  title         = "The Fast Simulation Of Electromagnetic And Hadronic Showers",
  journal       = nima,
  year          = "1990",
  volume        = "290",
  pages         = "469",
  SLACcitation  = "%%CITATION = NUIMA,A290,469;%%"
}

@Misc{gheisha,
  author        = "H.~Fesefeld",
  title         = "The Simulation of Hadronic Showers---Physics and Applications",
  howpublished  = "RWTH Aachen",
  year          = "1985",
  eprint        = "PITHA 85/02"
}

@Misc{Blobel:2002ax,
     author    = "Blobel, Volker and Kleinwort, Claus",
     title     = "A new method for the high precision alignment of track
                  detectors",
     year      = "2002",
     eprint    = "hep-ex/0208021",
     SLACcitation  = "%%CITATION = HEP-EX 0208021;%%"
}

@Misc{millepede,
     title     = "MILLEPEDE",
     note      = "A program description and the code are available via",
     url       = "http://www.desy.de/$\sim$blobel"
}

@Misc{openqcdrad:page,
     author    = "Alekhin, S.",
     title     = "{OPENQCDRAD}",
     note      = "A program description and the code are available via: 
                  http://www-zeuthen.desy.de/$\sim$alekhin/OPENQCDRAD",

}

@Article{Gotsman:1992ui,
     author    = "Gotsman, E. and Levin, E. M. and Maor, U.",
     title     = "A Quantitative investigation of the pomeron",
     journal   = zpc,
     volume    = "57",
     year      = "1993",
     pages     = "677",
     eprint    = "hep-ph/9209218",
     SLACcitation  = "%%CITATION = HEP-PH 9209218;%%"
}

@Article{Gotsman:1994gc,
     author    = "Gotsman, E. and Levin, E. M. and Maor, U.",
     title     = "The Role of screening corrections in high-energy
                  photoproduction",
     journal   = plb,
     volume    = "347",
     year      = "1995",
     pages     = "424",
     eprint    = "hep-ph/9407227",
     SLACcitation  = "%%CITATION = HEP-PH 9407227;%%"
}

@Article{Gotsman:1995gg,
     author    = "Gotsman, E. and Levin, E. M. and Maor, U.",
     title     = "Effects of shadowing in double pomeron exchange processes",
     journal   = plb,
     volume    = "353",
     year      = "1995",
     pages     = "526",
     eprint    = "hep-ph/9503394",
     SLACcitation  = "%%CITATION = HEP-PH 9503394;%%"
}

@Article{Gotsman:1995ii,
     author    = "Gotsman, E. and Levin, E. M. and Maor, U.",
     title     = "A Screened BFKL Interpretation of $F_2$ in the Exceedingly
                  Small x Limit",
     journal   = plb,
     volume    = "379",
     year      = "1996",
     pages     = "186",
     eprint    = "hep-ph/9512316",
     SLACcitation  = "%%CITATION = HEP-PH 9512316;%%"
}

@Article{Gotsman:1997br,
     author    = "Gotsman, E. and Levin, E. and Maor, U.",
     title     = "Hard inclusive production and a violation of the
                  factorization theorem",
     journal   = plb,
     volume    = "406",
     year      = "1997",
     pages     = "89",
     eprint    = "hep-ph/9705205",
     SLACcitation  = "%%CITATION = HEP-PH 9705205;%%"
}

@Article{Karimaki:1991xv,
     author    = "Karimaki, Veikko",
     title     = "Fast code to fit circular arcs",
     journal   = "Helsinki University",
     year      = "1991",
     eprint    = "HU-SEFT-1991-10"
}

@Article{Gotsman:1997zw,
     author    = "Gotsman, E. and Levin, E. M. and Maor, U.",
     title     = "A unitarity bound and the components of photon proton
                  interactions",
     journal   = epjc,
     volume    = "5",
     year      = "1998",
     pages     = "303",
     eprint    = "hep-ph/9708275",
     SLACcitation  = "%%CITATION = HEP-PH 9708275;%%"
}

@Article{Gotsman:1997bf,
     author    = "Gotsman, E. and Levin, E. and Maor, U.",
     title     = "The F2 slope and shadowing corrections in DIS",
     journal   = plb,
     volume    = "425",
     year      = "1998",
     pages     = "369",
     eprint    = "hep-ph/9712517",
     SLACcitation  = "%%CITATION = HEP-PH 9712517;%%"
}

@Article{Gotsman:2000zk,
     author    = "Gotsman, E. and Levin, E. and Maor, U. and McLerran, L.
                  D. and Tuchin, K.",
     title     = "Higher twists and maxima for DIS on proton in high density
                  QCD region",
     journal   = plb,
     volume    = "506",
     year      = "2001",
     pages     = "289",
     eprint    = "hep-ph/0008280",
     SLACcitation  = "%%CITATION = HEP-PH 0008280;%%"
}

@Article{Bartels:2002uf,
  author        = "Bartels, J. and Gotsman, E. and Levin, E. and Lublinsky, M.
                   and Maor, U.",
  title         = "The dipole picture and saturation in soft processes",
  journal       = plb,
  volume        = "556",
  year          = "2003",
  pages         = "114",
  eprint        = "hep-ph/0212284",
  SLACcitation  = "%%CITATION = HEP-PH 0212284;%%"
}

@Article{Iancu:2002xk,
     author    = "Iancu, E. and Leonidov, A. and McLerran, L.",
     title     = "The colour glass condensate: An introduction",
     year      = "2002",
     eprint    = "hep-ph/0202270",
     SLACcitation  = "%%CITATION = HEP-PH 0202270;%%"
}

@Article{Iancu:2003uh,
     author    = "Iancu, E. and Mueller, A. H.",
     title     = "From color glass to color dipoles in high-energy onium
                  onium  scattering",
     journal   = npa,
     volume    = "730",
     year      = "2004",
     pages     = "460",
     eprint    = "hep-ph/0308315",
     SLACcitation  = "%%CITATION = HEP-PH 0308315;%%"
}

@Article{Gotsman:2004ra,
  author        = "Gotsman, E. and Kozlov, M. and Levin, E. and Maor, U. and
                   Naftali, E.",
  title         = "Towards a new global QCD analysis: Solution to the non-
                   linear equation  at arbitrary impact parameter",
  journal       = npa,
  volume        = "742",
  year          = "2004",
  pages         = "55",
  eprint        = "hep-ph/0401021",
  SLACcitation  = "%%CITATION = HEP-PH 0401021;%%"
}

@Article{Gotsman:2004xb,
     author    = "Gotsman, E. and Levin, E. and Maor, U. and Naftali, E.",
     title     = "A modified Balitsky-Kovchegov equation",
     journal   = npa,
     volume    = "750",
     year      = "2005",
     pages     = "391",
     eprint    = "hep-ph/0411242",
     SLACcitation  = "%%CITATION = HEP-PH 0411242;%%"
}

@Article{Marquet:2006jb,
     author    = "Marquet, C. and Schoeffel, L.",
     title     = "Geometric scaling in diffractive deep inelastic
                  scattering",
     journal   = plb,
     volume    = "639",
     year      = "2006",
     pages     = "471",
     eprint    = "hep-ph/0606079",
     SLACcitation  = "%%CITATION = HEP-PH 0606079;%%"
}

@Article{Weigert:2005us,
     author    = "Weigert, H.",
     title     = "Evolution at small $x_{\text{bj}}$: The color glass condensate",
     journal   = ppnp,
     volume    = "55",
     year      = "2005",
     pages     = "461",
     eprint    = "hep-ph/0501087",
     SLACcitation  = "%%CITATION = HEP-PH 0501087;%%"
}

@Article{Jalilian-Marian:2005jf,
     author    = "Jalilian-Marian, J. and Kovchegov, Yu. V.",
     title     = "Saturation physics and deuteron gold collisions at RHIC",
     journal   = ppnp,
     volume    = "56",
     year      = "2006",
     pages     = "104",
     eprint    = "hep-ph/0505052",
     SLACcitation  = "%%CITATION = HEP-PH 0505052;%%"
}

@Article{Haynes:1998xq,
     author    = "Haynes, W. J. and others",
     title     = "The H1 silicon tracker data acquisition system",
     journal   = nima,
     volume    = "403",
     year      = "1998",
     pages     = "313-325",
     SLACcitation  = "%%CITATION = NUIMA,A403,313;%%"
}



@PhDThesis{glazovth,
     author    = "S.~Glazov",
     title     = "\protect{Measurement of the Proton Structure Function $F_2$ and $F_L$
                 with the H1 Detector at HERA}",
     school    = "\protect{Humboldt-Universit\"at zu Berlin}",
     year      = "1998",
     eprint    = "DESY-THESIS-1998-005"
}

@Phdthesis{ecksteinth,
     author    = "D.~Eckstein",
     title     = "\ptotect{Messung der Longitudinalen Strukturfunktion 
                  $F_{L}(x,Q^{2})$ mit dem HERA-Experiment H1}",
     school    = "\protect{Humboldt-Universit{\"a}t zu Berlin}",
     year      = "2002",
     eprint    = "DESY-THESIS-2002-008"
}

@Phdthesis{lastovickath,
     author    = "T.~La{\v{s}}tovi{\v{c}}ka",
     title     = "\protect{Measurement of the Inclusive Deep Inelastic Scattering 
                  Cross Section at Low $Q^{2}$}",
     school    = "\protect{Humboldt-Universit{\"a}t zu Berlin}",
     year      = "2004",
     eprint  = "DESY-THESIS-2004-016"
 }
 
@Phdthesis{vargasth,
     author    = "A.~Vargas",
     title     = "\ptotect{Determination of the Energy Scale Uncertainty for the
                  Measurement of $F_{2}$ at Low Values of $Q^{2}$ with the
                  H1 Detector}",
     school    = "\protect{Universit{\"a}t Dortmund}",
     year      = "2006",
     note      = {\protect{\href{http://www-h1.desy.de/psfiles/theses/h1th-453.ps}{\mbox{\tt [http://www-h1.desy.de/psfiles/theses/h1th-453.ps]}}}},
}
 
@Phdthesis{behrendtth,
     author    = "O.~Behrendt",
     title     = "\ptotect{Measurement of the Proton Structure Function $F_{2}$ at Low $Q^{2}$ at HERA}",
     school    = "\protect{Universit{\"a}t Dortmund}",
     year      = "2006",
     note      = {\protect{\href{http://www-h1.desy.de/psfiles/theses/h1th-452.ps}{\mbox{\tt [http://www-h1.desy.de/psfiles/theses/h1th-452.ps]}}}},
}
 
@PhDThesis{LendermannTh,
     author    = "V.~Lendermann",
     title     = "\protect{Measurement of the QED Compton Scattering
                 Cross section with the H1 Detector at HERA}",
     school    = {\protect{Universit{\"a}t Dortmund}},
     year      = "2001",
     eprint    = "DESY-THESIS-2002-004"
}

@PhDThesis{SchwabTh,
     author    = "B.~Schwab",
     title     = "\protect{Das Rueckwaertsdriftkammersystem des
                 H1-Experiments}",
     school    = {\protect{Ruprecht-Karls-Universit{\"a}t Heidelberg}},
     year      = "1996",
     note      = {\protect{\href{http://www-h1.desy.de/psfiles/theses/h1th-236.ps}{\mbox{\tt [http://www-h1.desy.de/psfiles/theses/h1th-236.ps]}}}},
}

@PhDThesis{ArkadovTh,
     author    = "V.~Arkadov",
     title     = "\protect{Measurement of the Deep-Inelastic $ep$
                 Scattering Cross Section using the Backward
                 Silicon tracker at the H1 Detector at HERA}",
     school    = {\protect{Humboldt-Universit{\"a}t zu Berlin}},
     year      = "2000"
}

@Article{Eick:1996gv,
     author    = "Eick, W. and others",
     title     = "Development of the H1 backward silicon strip detector",
     journal   = nima,
     volume    = "386",
     year      = "1997",
     pages     = "81-86",
     SLACcitation  = "%%CITATION = NUIMA,A386,81;%%"
}

@Article{Henschel:2000tm,
     author    = "Henschel, H. and Lahmann, R.",
     title     = "{The backward silicon tracker of the H1 experiment at
                  HERA}",
     journal   = "Nucl. Instrum. Meth.",
     volume    = "A453",
     year      = "2000",
     pages     = "93-97",
     doi       = "10.1016/S0168-9002(00)00612-4",
     SLACcitation  = "%%CITATION = NUIMA,A453,93;%%"
}

@Article{Iancu:2003ge,
     author    = "Iancu, E. and Itakura, K. and Munier, S.",
     title     = "Saturation and BFKL dynamics in the HERA data at small x",
     journal   = "Phys. Lett.",
     volume    = "B590",
     year      = "2004",
     pages     = "199-208",
     eprint    = "hep-ph/0310338",
     SLACcitation  = "%%CITATION = HEP-PH/0310338;%%"
}

@Article{Lincoln:1994,
     author    = "Lincoln, D. and Morro, G. and Kaspar, P.",
     title     = "A hidden bias in a common calorimeter calibration scheme",
     journal   = nima,
     volume    = "345",
     year      = "1994",
     pages     = "449-452",
}

@Article{dpm,
   author = "Capella, A. and others",
   title = " ",
   journal = "Phys. Rep.",
   volume =  "236",
   year = "1994",
   pages = "227",
}
   
@Article{Bartels:2007dm,
     author    = "Bartels, Jochen and Kutak, Krzysztof",
     title     = "{A momentum Space Analysis of the Triple Pomeron Vertex in
                  pQCD}",
     journal   = "Eur. Phys. J.",
     volume    = "C53",
     year      = "2008",
     pages     = "533-548",
     eprint    = "0710.3060",
     archivePrefix = "arXiv",
     primaryClass  =  "hep-ph",
     doi       = "10.1140/epjc/s10052-007-0501-6",
     SLACcitation  = "%%CITATION = 0710.3060;%%"
}

@Article{Ioffe:1969kf,
     author    = "Ioffe, B. L.",
     title     = "{Space-time picture of photon and neutrino scattering and
                  electroproduction cross-section asymptotics}",
     journal   = plb,
     volume    = "30",
     year      = "1969",
     pages     = "123",
     SLACcitation  = "%%CITATION = PHLTA,B30,123;%%"
}


@inproceedings{Schuler:1991yg,
     author    = "Schuler, G. A. and Spiesberger, H.",
     title       = "{DJANGO: The Interface for the event generators HERACLES and
                  LEPTO}",
     booktitle       = "{Physics at HERA, vol. 3}",
     year      = "1991",
     pages     = "1419-1432",
     editor    = "Buchm{\"u}ller, W. and Ingelman, G.",
    note = "{DJANGOH 1.4}"
}


@Article{Courau:1992ht,
     author    = "Courau, A. and Kessler, P.",
     title     = "{QED Compton scattering in high-energy electron - proton
                  collisions}",
     journal   = "Phys. Rev.",
     volume    = "D46",
     year      = "1992",
     pages     = "117-124",
     doi       = "10.1103/PhysRevD.46.117",
     note      = "{COMPTON 2.2}",
     SLACcitation  = "%%CITATION = PHRVA,D46,117;%%"
}


@Article{Gribov:1968gs,
     author    = "Gribov, V. N.",
     title     = "{Interaction of gamma quanta and electrons with nuclei at
                  high-energies}",
     journal   = jetp,
     volume    = "30",
     year      = "1970",
     pages     = "709",
     SLACcitation  = "%%CITATION = SPHJA,30,709;%%"
}

@Article{Andrieu:1993tz,
     author    = "Andrieu, B. and others",
 collaboration = "H1  Calorimeter Group",
     title       = "{Results from pion calibration runs for the H1  liquid argon
                  calorimeter and comparisons with simulations}",
     journal   = "Nucl. Instrum. Meth.",
     volume    = "A336",
     year      = "1993",
     pages     = "499-509",
     SLACcitation  = "%%CITATION = NUIMA,A336,499;%%"
}
 

@Article{h1fl,
     author    = "Aaron, F.D. and others",
 collaboration = "H1 Collaboration",
     title     = "{Measurement of the Proton Structure Function F_L at Low
                  x}",
     journal   = "Phys. Lett.",
     volume    = "B665",
     year      = "2008",
     pages     = "139-146",
     eprint    = "arXiv:0805.2809",
     archivePrefix = "arXiv",
     primaryClass  =  "hep-ex",
     doi       = "10.1016/j.physletb.2008.05.070",
     SLACcitation  = "%%CITATION = 0805.2809;%%"
}


@Article{Aaron:2009kv,
     author    = "Aaron, F.D. and others",
 collaboration = "H1 Collaboration",
     title     = "{A Precision Measurement of the Inclusive ep Scattering
                  Cross Section at HERA}",
     journal   = "Eur. Phys. J.",
     volume    = "C64",
     year      = "2009",
     pages     = "561-587",
     eprint    = "arXiv:0904.3513",
     archivePrefix = "arXiv",
     primaryClass  =  "hep-ex",
     doi       = "10.1140/epjc/s10052-009-1169-x",
     SLACcitation  = "%%CITATION = 0904.3513;%%"
}

@Article{H1:2009bp,
     author    = "Aaron, F.D. and others",
      collaboration  = "H1 Collaboration",
     title     = "{Measurement of the Inclusive ep Scattering Cross Section
                  at Low $Q^2$ and x at HERA}",
     journal   = "Eur. Phys. J.",
     volume    = "C63",
     year      = "2009",
     pages     = "625-678",
     eprint    = "arXiv:0904.0929",
     archivePrefix = "arXiv",
     primaryClass  =  "hep-ex",
     doi       = "10.1140/epjc/s10052-009-1128-6",
     SLACcitation  = "%%CITATION = 0904.0929;%%"
}

@Article{Glazov:2010zz,
     author    = "Glazov, A. and Raicevic, N. and Zhokin, A.",
     title     = "{Fast simulation of showers in the H1 calorimeter}",
     journal   = "Comput. Phys. Commun.",
     volume    = "181",
     year      = "2010",
     pages     = "1008-1012",
     doi       = "10.1016/j.cpc.2010.02.004",
     SLACcitation  = "%%CITATION = CPHCB,181,1008;%%"
}
@Article{Muller:1992jk,
     author    = "M{\"u}ller, K. and others",
     title     = "{Construction and performance of a thin cylindrical
                  multiwire proportional chamber with cathode pad readout for
                  the H1 experiment}",
     journal   = "Nucl. Instrum. Meth.",
     volume    = "A312",
     year      = "1992",
     pages     = "457-466",
     doi       = "10.1016/0168-9002(92)90195-A",
     SLACcitation  = "%%CITATION = NUIMA,A312,457;%%"
}

@Article{Eichenberger:1992km,
     author    = "Eichenberger, S. and others",
     title     = "{A fast pipelined trigger for the H1 experiment based on
                  multiwire proportional chamber signals}",
     journal   = "Nucl. Instrum. Meth.",
     volume    = "A323",
     year      = "1992",
     pages     = "532-536",
     doi       = "10.1016/0168-9002(92)90344-4",
     SLACcitation  = "%%CITATION = NUIMA,A323,532;%%"
}

@article{h1zeus:2009wt,
      author         = "Aaron, F.D. and others",
      title          = "{Combined Measurement and QCD Analysis of the Inclusive
                        e+- p Scattering Cross Sections at HERA}",
      collaboration  = "H1 and ZEUS Collaborations",
      journal        = "JHEP",
      volume         = "1001",
      pages          = "109",
      doi            = "10.1007/JHEP01(2010)109",
      year           = "2010",
      eprint         = "arXiv:0911.0884",
      archivePrefix  = "arXiv",
      primaryClass   = "hep-ex",
}

@article{h1:2012kk,
      author         = "Aaron, F.D. and others",
      title          = "{Inclusive Deep Inelastic Scattering at High Q2 with Longitudinally Polarised Lepton Beams at HERA }",
      collaboration  = "H1 Collaboration",
      journal        = "JHEP",
      volume         = "1209",
      pages          = "061",
      doi            = "10.1007/JHEP09(2012)061",
      year           = "2012",
      eprint         = " arXiv:1206.7007",
      archivePrefix  = "arXiv",
      primaryClass   = "hep-ex",
}

@Article{Adloff:1999ah,
     author    = "Adloff, C. and others",
 collaboration = "H1 Collaboration",
     title     = "{Measurement of neutral and charged current cross-sections
                  in positron proton collisions at large momentum transfer}",
     journal   = "Eur. Phys. J.",
     volume    = "C13",
     year      = "2000",
     pages     = "609-639",
     eprint    = "hep-ex/9908059",
     archivePrefix = "arXiv",
     doi       = "10.1007/s100520050721",
     SLACcitation  = "%%CITATION = HEP-EX/9908059;%%"
}

@article{qcdnum,
      author         = "Botje, M.",
      title          = "{QCDNUM: Fast QCD Evolution and Convolution}",
      year           = "2010",
      note           = "%QCDNUM version $17\beta$,%
                        \tt http://www.nikef.nl/h24/qcdnum/index.html",
      eprint         = "arXiv:1005.1481",
      archivePrefix  = "arXiv",
      primaryClass   = "hep-ph",
}

@Article{Stump:2001gu,
     author    = "Stump, D. and others",
     title     = "{Uncertainties of predictions from parton distribution
                  functions. I:  The Lagrange multiplier method}",
     journal   = "Phys. Rev.",
     volume    = "D65",
     year      = "2002",
     pages     = "014012",
     eprint    = "hep-ph/0101051",
     archivePrefix = "arXiv",
     doi       = "10.1103/PhysRevD.65.014012",
     SLACcitation  = "%%CITATION = HEP-PH/0101051;%%"
}

@article{Botje:2001fx,
      author         = "Botje, M.",
      title          = "{Error estimates on parton density distributions}",
      journal        = "J.Phys.",
      volume         = "G28",
      pages          = "779-790",
      doi            = "10.1088/0954-3899/28/5/305",
      year           = "2002",
      eprint         = "hep-ph/0110123",
      archivePrefix  = "arXiv",
      primaryClass   = "hep-ph",
      reportNumber   = "NIKHEF-01-014",
      SLACcitation   = "%%CITATION = HEP-PH/0110123;%%",
}

@article{Chebyshev,
      author         = "Glazov, A. and Moch, S. and Radescu, V.",
      title          = "{Parton distribution uncertainties using smoothness prior}",
      journal        = plb,
      volume         = "695",
      pages          = "238-241",
      year           = "2011",
     eprint          = "arXiv:1009.6170",
     archivePrefix   = "arXiv",
     primaryClass    =  "hep-ph"
}

@Article{Pascaud:1995qs,
     author    = "Pascaud, C. and Zomer, F.",
     title     = "{QCD analysis from the proton structure function F2
                  measurement: Issues on fitting, statistical and systematic
                  errors}",
     year     = "1995",
     myfile   = "LAL-95-05.pdf",
     note     = "LAL-95-05"
}

@Article{dglap,
     author    = "DGLAP",
 collaboration = "?",
     title     = "{?}",
     journal   = "?",
     volume    = "?",
     year      = "?",
     pages     = "?",
     eprint    = "?",
     archivePrefix = "?",
     doi       = "?",
}


@Article{acot,
     author    = "ACOT",
 collaboration = "?",
     title     = "{?}",
     journal   = "?",
     volume    = "?",
     year      = "?",
     pages     = "?",
     eprint    = "?",
     archivePrefix = "?",
     doi       = "?",
}


@Article{Kowalski:2006hc,
     author    = "Kowalski, H. and Motyka, L. and Watt, G.",
     title     = "{Exclusive diffractive processes at HERA within the dipole
                  picture}",
     journal   = "Phys. Rev.",
     volume    = "D74",
     year      = "2006",
     pages     = "074016",
     eprint    = "hep-ph/0606272",
     archivePrefix = "arXiv",
     doi       = "10.1103/PhysRevD.74.074016",
     SLACcitation  = "%%CITATION = HEP-PH/0606272;%%"
}

@Article{Albacete:2009fh,
     author    = "Albacete, Javier L. and Armesto, Nestor and Milhano, Jose
                  Guilherme and Salgado, Carlos A.",
     title     = "{Non-linear QCD meets data: A global analysis of lepton-
                  proton scattering with running coupling BK evolution}",
     journal   = "Phys. Rev.",
     volume    = "D80",
     year      = "2009",
     pages     = "034031",
     eprint    = "arXiv:0902.1112",
     archivePrefix = "arXiv",
     primaryClass  =  "hep-ph",
     doi       = "10.1103/PhysRevD.80.034031",
     SLACcitation  = "%%CITATION = 0902.1112;%%"
}


@Article{Adloff:2000qj,
     author    = "Adloff, C. and others",
 collaboration = "H1 Collaboration",
     title     = "{Measurement of neutral and charged current cross-sections
                  in electron - proton collisions at high $Q^{2}$}",
     journal   = "Eur. Phys. J.",
     volume    = "C19",
     year      = "2001",
     pages     = "269-288",
     eprint    = "hep-ex/0012052",
     archivePrefix = "arXiv",
     doi       = "10.1007/s100520100607",
     SLACcitation  = "%%CITATION = HEP-EX/0012052;%%"
}

@Article{Thorne:1997ga,
  author = "R.~S.~Thorne and R.~G.~Roberts",
  title = "{An ordered analysis of heavy flavour production in deep inelastic scattering}",
  journal = prd, 
  volume = "57",
  pages = "6871",
  year = "1998",
  eprint = "hep-ph/9709442",
  SLACcitation = "%%CITATION = PHRVA,D57,6871;%%"
}

@Unpublished{ThornePrivComm,
     author    = "Thorne, R. S.",
     note     = "{private communication, 2008}"
}

@Unpublished{SpiesbergerPrivComm,
     author    = "Spiesberger, H.",
     note     = "{Private communication.}"
}

@Unpublished{Burkhard,
     author    = "Burkhard, H. and Jegerlehner, F. and Penso, G. and Verzegnassi, C.",
     note     = "{in CERN Yellow Report on "Polarization at LEP" 1988.}"
         
}


@Article{mcmethod2,
     author    = "Giele, W. T. and Keller, S. and Kosower, D.A.",
     title     = "{Parton Distribution Function Uncertainties}",
     year      = "2001",
     eprint    = "hep-ph/0104052",
     archivePrefix = "arXiv",
}

@Article{Thorne:2006qt,
     author    = "Thorne, R. S.",
     title     = "{A variable-flavour number scheme for NNLO}",
     journal   = "Phys. Rev.",
     volume    = "D73",
     year      = "2006",
     pages     = "054019",
     eprint    = "hep-ph/0601245",
     archivePrefix = "arXiv",
     doi       = "10.1103/PhysRevD.73.054019",
     SLACcitation  = "%%CITATION = HEP-PH/0601245;%%"
}

@Article{Kramer:2000hn,
     author    = "Kramer, M. and Olness, F. I. and Soper,
                  D. E.",
     title     = "{Treatment of heavy quarks in deeply inelastic
                  scattering}",
     journal   = "Phys. Rev.",
     volume    = "D62",
     year      = "2000",
     pages     = "096007",
     eprint    = "hep-ph/0003035",
     archivePrefix = "arXiv",
     doi       = "10.1103/PhysRevD.62.096007",
     SLACcitation  = "%%CITATION = HEP-PH/0003035;%%"
}

@article{Curci:1980uw,
      author         = "Curci, G. and Furmanski, W. and Petronzio, R.",
      title          = "{Evolution of Parton Densities Beyond Leading Order: The
                        Nonsinglet Case}",
      journal        = "Nucl.Phys.",
      volume         = "B175",
      pages          = "27",
      doi            = "10.1016/0550-3213(80)90003-6",
      year           = "1980",
}

@article{Furmanski:1980cm,
      author         = "Furmanski, W. and Petronzio, R.",
      title          = "{Singlet Parton Densities Beyond Leading Order}",
      journal        = "Phys.Lett.",
      volume         = "B97",
      pages          = "437",
      doi            = "10.1016/0370-2693(80)90636-X",
      year           = "1980",
}

@article{Furmanski:1981cw,
      author         = "Furmanski, W. and Petronzio, R.",
      title          = "{Lepton - Hadron Processes Beyond Leading Order in
                        Quantum Chromodynamics}",
      journal        = "Z.Phys.",
      volume         = "C11",
      pages          = "293",
      doi            = "10.1007/BF01578280",
      year           = "1982",
}

@article{Moch:2004pa,
      author         = "Moch, S. and Vermaseren, J.A.M. and Vogt, A.",
      title          = "{The Three loop splitting functions in QCD: The
                        Nonsinglet case}",
      journal        = "Nucl.Phys.",
      volume         = "B688",
      pages          = "101-134",
      doi            = "10.1016/j.nuclphysb.2004.03.030",
      year           = "2004",
      eprint         = "hep-ph/0403192",
      archivePrefix  = "arXiv",
      primaryClass   = "hep-ph",
}

@article{SMoch:npb864,
      author         = "Kawamura. H. and Lo Presti, N.A. and Moch, S. and Vogt, A.",
      title          = "{On the next-to-next-to-leading order QCD corrections to
                         heavy-quark production in deep-inelastic scattering}",
      journal        = "Nucl.Phys.",
      volume         = "B864",
      pages          = "399-468",
      year           = "2012",
}

@article{Vogt:2004mw,
      author         = "Vogt, A. and Moch, S. and Vermaseren, J.A.M.",
      title          = "{The Three-loop splitting functions in QCD: The Singlet
                        case}",
      journal        = "Nucl.Phys.",
      volume         = "B691",
      pages          = "129-181",
      doi            = "10.1016/j.nuclphysb.2004.04.024",
      year           = "2004",
      eprint         = "hep-ph/0404111",
      archivePrefix  = "arXiv",
      primaryClass   = "hep-ph",
}

@Article{Martin:2009iq,
     author    = "Martin, A. D. and Stirling, W. J. and Thorne, R. S. and
                  Watt, G.",
     title     = "{Parton distributions for the LHC}",
     year      = "2009",
     eprint    = "arXiv:0901.0002",
     archivePrefix = "arXiv",
     primaryClass  =  "hep-ph",
     SLACcitation  = "%%CITATION = 0901.0002;%%"
}


@Article{Nadolsky:2008zw,
     author    = "Nadolsky, Pavel M. and others",
     title     = "{Implications of CTEQ global analysis for collider
                  observables}",
     journal   = "Phys. Rev.",
     volume    = "D78",
     year      = "2008",
     pages     = "013004",
     eprint    = "arXiv:0802.0007",
     archivePrefix = "arXiv",
     primaryClass  =  "hep-ph",
     doi       = "10.1103/PhysRevD.78.013004",
     SLACcitation  = "%%CITATION = 0802.0007;%%"
}

@Article{Caola:2009iy,
     author    = "Caola, Fabrizio and Forte, Stefano and Rojo, Juan",
     title     = "{Deviations from NLO QCD evolution in inclusive HERA
                  data}",
     journal   = "Phys. Lett.",
     volume    = "B686",
     year      = "2010",
     pages     = "127-135",
     eprint    = "arXiv:0910.3143",
     archivePrefix = "arXiv",
     primaryClass  =  "hep-ph",
     doi       = "10.1016/j.physletb.2010.02.043",
     SLACcitation  = "%%CITATION = 0910.3143;%%"
}

@article{ pdg,
  author = "{C. Amsler {\it et al.} (Particle Data Group)}",
   title = "{Review of Particle Physics}",
   journal = "{Phys.\ Lett.}",
   year = 2008,
   volume = "B667",
   pages = {1},
}

@Phdthesis{sebastian,
     author    = "S.~Piec",
     title     = "\protect{A Measurement of the Proton Structure
     Function $F_L$ with the H1  Experiment}",
     school    = "\protect{Humboldt-Universit\"at zu Berlin}",
     year      = "2009",
     note      = {\protect{\href{http://www-h1.desy.de/psfiles/theses/h1th-546.pdf}{\mbox{\tt [http://www-h1.desy.de/psfiles/theses/h1th-546.pdf]}}}},

}

@Article{DeRujula:1974rf,
     author    = "De Rujula, A. and others",
     title     = "{Possible NonRegge Behavior of Electroproduction Structure
                  Functions}",
     journal   = "Phys. Rev.",
     volume    = "D10",
     year      = "1974",
     pages     = "1649",
     doi       = "10.1103/PhysRevD.10.1649",
     SLACcitation  = "%%CITATION = PHRVA,D10,1649;%%"
}

@Article{Becker:2007ms,
     author    = "Becker, J. and others",
     title     = "{A vertex trigger based on cylindrical multiwire
                  proportional chambers}",
     journal   = "Nucl. Instrum. Meth.",
     volume    = "A586",
     year      = "2008",
     pages     = "190-203",
     archivePrefix = "arXiv",
     doi       = "10.1016/j.nima.2007.11.024",
     SLACcitation  = "%%CITATION = PHYSICS/0701002;%%"
}

@Article{Glazov:2010bw,
     author    = "Glazov, Alexander and Moch, Sven and Radescu, Voica",
     title     = "{Parton Distribution Uncertainties using Smoothness
                  Prior}",
     journal   = "Accepted by Phys.\ Lett.\ B \protect{\tt doi:10.1016/j.physletb.2003.10.071}",
     year      = "2010",
     eprint    = "arXiv:1009.6170",
     archivePrefix = "arXiv",
     primaryClass  =  "hep-ph",
     doi       = "doi:10.1016/j.physletb.2003.10.071",
     SLACcitation  = "%%CITATION = 1009.6170;%%"
}

@Unpublished{fullcorr,
     author    = " ",
     note     = "{Correlation information can be found at 
https://www.desy.de/h1/}",
}

@Article{ minuit,
  author = "F. James and M. Roos",
  journal   = "Comput. Phys. Commun.",
  volume = "10",
  year   = "1975",
  pages  = "343-367"
 }

@inproceedings{Jung:2009eq,
      author         = "A.~Glazov and V.~Radescu",
      title          = "{Proceedings of the workshop: HERA and the LHC workshop
                        series on the implications of HERA for LHC physics}",
      year           = "2009",
      eprint         = "arXiv:0903.3861",
      archivePrefix  = "arXiv",
      primaryClass   = "hep-ph",
}





@Article{Gluck:2007ck,
     author    = "Gluck, M. and Jimenez-Delgado, P. and Reya, E.",
     title     = "{Dynamical parton distributions of the nucleon and very
                  small-x physics}",
     journal   = "Eur. Phys. J.",
     volume    = "C53",
     year      = "2008",
     pages     = "355-366",
     eprint    = "arXiv:0709.0614",
     archivePrefix = "arXiv",
     primaryClass  =  "hep-ph",
     doi       = "10.1140/epjc/s10052-007-0462-9",
     SLACcitation  = "%%CITATION = 0709.0614;%%"
}

@Article{Gluck:2008gs,
     author    = "Gluck, M. and Jimenez-Delgado, P. and Reya, E. and Schuck,
                  C.",
     title     = "{On the role of heavy flavor parton distributions at high
                  energy colliders}",
     journal   = "Phys. Lett.",
     volume    = "B664",
     year      = "2008",
     pages     = "133-138",
     eprint    = "arXiv:0801.3618",
     archivePrefix = "arXiv",
     primaryClass  =  "hep-ph",
     doi       = "10.1016/j.physletb.2008.04.063",
     SLACcitation  = "%%CITATION = 0801.3618;%%"
}


@Article{Alekhin:2009ni,
     author    = "Alekhin, S. and Blumlein, J. and Klein, S. and Moch, S.",
     title     = "{The 3-, 4-, and 5-flavor NNLO Parton from Deep-Inelastic-
                  Scattering Data and at Hadron Colliders}",
     journal   = "Phys. Rev.",
     volume    = "D81",
     year      = "2010",
     pages     = "014032",
     eprint    = "arXiv:0908.2766",
     archivePrefix = "arXiv",
     primaryClass  =  "hep-ph",
     doi       = "10.1103/PhysRevD.81.014032",
     SLACcitation  = "%%CITATION = 0908.2766;%%"
}

@Article{Lai:2010vv,
     author    = "Lai, Hung-Liang and others",
     title     = "{New parton distributions for collider physics}",
     journal   = "Phys. Rev.",
     volume    = "D82",
     year      = "2010",
     pages     = "074024",
     eprint    = "arXiv:1007.2241",
     archivePrefix = "arXiv",
     primaryClass  =  "hep-ph",
     doi       = "10.1103/PhysRevD.82.074024",
     SLACcitation  = "%%CITATION = 1007.2241;%%"
}

@Article{Ball:2010de,
     author    = "Ball, Richard D. and others",
     title     = "{A first unbiased global NLO determination of parton
                  distributions and their uncertainties}",
     journal   = "Nucl. Phys.",
     volume    = "B838",
     year      = "2010",
     pages     = "136-206",
     eprint    = "arXiv:1002.4407",
     archivePrefix = "arXiv",
     primaryClass  =  "hep-ph",
     doi       = "10.1016/j.nuclphysb.2010.05.008",
     SLACcitation  = "%%CITATION = 1002.4407;%%"
}


@Article{Forte:2010ta,
     author    = "Forte, Stefano and Laenen, Eric and Nason, Paolo and Rojo,
                  Juan",
     title     = "{Heavy quarks in deep-inelastic scattering}",
     journal   = "Nucl. Phys.",
     volume    = "B834",
     year      = "2010",
     pages     = "116-162",
     eprint    = "arXiv:1001.2312",
     archivePrefix = "arXiv",
     primaryClass  =  "hep-ph",
     doi       = "10.1016/j.nuclphysb.2010.03.014",
     SLACcitation  = "%%CITATION = 1001.2312;%%"
}

@Article{Laenen:1992,
     author    = "E. Laenen {\it et al.}",
     journal   = "Phys. Lett.",
     volume    = "B291",
     year      = "1992",
     pages     = "325"
}
@Article{Laenen:1993,
     author    = "E. Laenen {\it et al.}",
     journal   = "Nucl. Phys.",
     volume    = "B392",
     year      = "1993",
     pages     = "162, 229"
}

@Article{Jegerlehner,
     author    = "Jegerlehner",
     journal   = "Proceedings, LC10 Workshop",
     volume    = "DESY 11-117",
     year      = "2011",
     pages     = ""
}

@article{FEWZ,
      author         = "Li, Ye and Petriello, Frank",
      title          = "{Combining QCD and electroweak corrections to dilepton
                        production in FEWZ}",
      journal        = "Phys.Rev.",
      volume         = "D86",
      pages          = "094034",
      doi            = "10.1103/PhysRevD.86.094034",
      year           = "2012",
      eprint         = "arXiv:1208.5967",
      archivePrefix  = "arXiv",
      primaryClass   = "hep-ph",
      reportNumber   = "ANL-HEP-PR-12-68",
      SLACcitation   = "%%CITATION = ARXIV:1208.5967;%%",
}
@Article{Riem:1995,
     author    = "Riemersma, S. and Smith, J. and van Neerven. W.L.",
     title     = "{Rates for Inclusive Deep-Inelastic Electroproduction of Charm Quarks at HERA}",
     journal   = "Phys. Lett.",
     volume    = "B347",
     year      = "1995",
     pages     = "143",
     eprint    = "hep-ph/9411431",
     archivePrefix = "arXiv",
     primaryClass  =  "hep-ph",
}

@article{AndreSchoening,
     author         = "Sch{\"o}ening, A." ,
     year           = "2011",
     note     = "{Private communication.}"
}
@article{MCFM,
      author         = "Falkowski, Adam and Mangano, Michelangelo L. and Martin,
                        Adam and Perez, Gilad and Winter, Jan",
      title          = "{Data driving the top quark forward--backward asymmetry
                        with a lepton-based handle}",
      year           = "2012",
      eprint         = "arXiv:1212.4003",
      archivePrefix  = "arXiv",
      primaryClass   = "hep-ph",
      reportNumber   = "CERN-PH-TH-2012-355, LPT-12-114, MPP-2012-183",
      SLACcitation   = "%%CITATION = ARXIV:1212.4003;%%",
}

@article{DYNNLO,
      author         = "Bozzi, G. and Rojo, J. and Vicini, A.",
      title          = "{The Impact of PDF uncertainties on the measurement of
                        the W boson mass at the Tevatron and the LHC}",
      journal        = "Phys.Rev.",
      volume         = "D83",
      pages          = "113008",
      doi            = "10.1103/PhysRevD.83.113008",
      year           = "2011",
      eprint         = "arXiv:1104.2056",
      archivePrefix  = "arXiv",
      primaryClass   = "hep-ph",
      reportNumber   = "IFUM-961-FT",
      SLACcitation   = "%%CITATION = ARXIV:1104.2056;%%",
}
@Article{Alekhin:runm,
     author    = "Alekhin, S. and Moch, S.",
     title     = "{Heavy-quark deep-inelastic scattering with a running mass}",
     journal   = "Phys. Lett.",
     volume    = "B699",
     year      = "2011",
     pages     = "345",
     eprint    = "arXiv:1011.5790",
     archivePrefix = "arXiv",
     primaryClass  =  "hep-ph",
     SLACcitation  = "%%CITATION = 1011.5790;%%"
}

@Article{NNZ:91,
     author    = "Nikolai N. Nikolaev and B.G. Zakharov",
     title     = "{Color transparency and scaling properties of nuclear shadowing in deep inelastic scattering}",
     journal   = "Z.Phys.",
     volume    = "C49",
     year      = "1991",
     pages     = "607",
}


@Article{Drell:1970wh,
     author    = "Drell, S. D. and Yan, Tung-Mow",
     title     = "{Massive Lepton Pair Production in Hadron-Hadron Collisions
                  at High-Energies}",
     journal   = "Phys. Rev. Lett.",
     volume    = "25",
     year      = "1970",
     pages     = "316-320",
     doi       = "10.1103/PhysRevLett.25.316",
     SLACcitation  = "%%CITATION = PRLTA,25,316;%%"
}

@article{Yamada:1981mw,
      author         = "Yamada, Mitsuru and Hayashi, Masaki",
      title          = "{ASYMMETRIES FOR THE LEPTON PAIR FROM THE Z0 BOSON
                        PRODUCED IN HADRONIC COLLISIONS}",
      journal        = "Nuovo Cim.",
      volume         = "A70",
      pages          = "273",
      doi            = "10.1007/BF02814038",
      year           = "1982",
      reportNumber   = "IBARAKI-HITACHI-81-1",
      SLACcitation   = "%%CITATION = NUCIA,A70,273;%%",
}

@Article{Carli:2010rw,
     author    = "Carli, Tancredi and others",
     title     = "{A posteriori inclusion of parton density functions in NLO
                  QCD final-state calculations at hadron colliders: The
                  APPLGRID Project}",
     journal   = "Eur. Phys. J.",
     volume    = "C66",
     year      = "2010",
     pages     = "503-524",
     eprint    = "arXiv:0911.2985",
     archivePrefix = "arXiv",
     primaryClass  =  "hep-ph",
     doi       = "10.1140/epjc/s10052-010-1255-0",
     SLACcitation  = "%%CITATION = 0911.2985;%%"
}

@Article{Campbell:1999ah,
     author    = "Campbell, John M. and Ellis, R. Keith",
     title     = "{An update on vector boson pair production at hadron
                  colliders}",
     journal   = "Phys. Rev.",
     volume    = "D60",
     year      = "1999",
     pages     = "113006",
     eprint    = "arXiv:9905386",
     archivePrefix = "arXiv",
     doi       = "10.1103/PhysRevD.60.113006",
     SLACcitation  = "%%CITATION = HEP-PH/9905386;%%"
}

@Article{Campbell:2010ff,
     author    = "Campbell, John M. and Ellis, R. K.",
     title     = "{MCFM for the Tevatron and the LHC}",
     journal   = "Nucl. Phys. Proc. Suppl.",
     volume    = "205-206",
     year      = "2010",
     pages     = "10-15",
     eprint    = "arXiv:1007.3492",
     archivePrefix = "arXiv",
     primaryClass  =  "hep-ph",
     doi       = "10.1016/j.nuclphysbps.2010.08.011",
     SLACcitation  = "%%CITATION = 1007.3492;%%"
}

@article{Nagy:1998bb,
      author         = "Nagy, Zoltan and Trocsanyi, Zoltan",
      title          = "{Next-to-leading order calculation of four jet
                        observables in electron positron annihilation}",
      journal        = "Phys.Rev.",
      volume         = "D59",
      pages          = "014020",
      doi            = "10.1103/PhysRevD.62.099902, 10.1103/PhysRevD.59.014020",
      year           = "1999",
      eprint         = "hep-ph/9806317",
      archivePrefix  = "arXiv",
      primaryClass   = "hep-ph",
      SLACcitation   = "%%CITATION = HEP-PH/9806317;%%",
}

@article{Nagy:2003tz,
      author         = "Nagy, Zoltan",
      title          = "{Next-to-leading order calculation of three jet
                        observables in hadron hadron collision}",
      journal        = "Phys.Rev.",
      volume         = "D68",
      pages          = "094002",
      doi            = "10.1103/PhysRevD.68.094002",
      year           = "2003",
      eprint         = "hep-ph/0307268",
      archivePrefix  = "arXiv",
      primaryClass   = "hep-ph",
      SLACcitation   = "%%CITATION = HEP-PH/0307268;%%",
}

@article{Nagy:2001fj,
      author         = "Nagy, Zoltan",
      title          = "{Three jet cross-sections in hadron hadron collisions at
                        next-to-leading order}",
      journal        = "Phys.Rev.Lett.",
      volume         = "88",
      pages          = "122003",
      doi            = "10.1103/PhysRevLett.88.122003",
      year           = "2002",
      eprint         = "hep-ph/0110315",
      archivePrefix  = "arXiv",
      primaryClass   = "hep-ph",
      reportNumber   = "IPPP-01-48, DCPT-01-96",
      SLACcitation   = "%%CITATION = HEP-PH/0110315;%%",
}

@article{Nagy:2001xb,
      author         = "Nagy, Zoltan and Trocsanyi, Zoltan",
      title          = "{Multijet cross-sections in deep inelastic scattering at
                        next-to-leading order}",
      journal        = "Phys.Rev.Lett.",
      volume         = "87",
      pages          = "082001",
      doi            = "10.1103/PhysRevLett.87.082001",
      year           = "2001",
      eprint         = "hep-ph/0104315",
      archivePrefix  = "arXiv",
      primaryClass   = "hep-ph",
      reportNumber   = "IPPP-01-18, DCPT-01-36",
      SLACcitation   = "%%CITATION = HEP-PH/0104315;%%",
}

@article{Britzger:2012bs,
      author         = "Britzger, Daniel and Rabbertz, Klaus and Stober, Fred and
                        Wobisch, Markus",
      title          = "{New features in version 2 of the fastNLO project}",
      collaboration  = "fastNLO Collaboration",
      year           = "2012",
      eprint         = "arXiv:1208.3641",
      archivePrefix  = "arXiv",
      primaryClass   = "hep-ph",
      SLACcitation   = "%%CITATION = ARXIV:1208.3641;%%",
}

@article{Kluge:2006xs,
      author         = "Kluge, T. and Rabbertz, K. and Wobisch, M.",
      title          = "{FastNLO: Fast pQCD calculations for PDF fits}",
      pages          = "483-486",
      year           = "2006",
      eprint         = "hep-ph/0609285",
      archivePrefix  = "arXiv",
      primaryClass   = "hep-ph",
      reportNumber   = "DESY-06-186, FERMILAB-CONF-06-352-E",
      SLACcitation   = "%%CITATION = HEP-PH/0609285;%%",
}

@article{Wobisch:2011ij,
      author         = "Wobisch, M. and Britzger, D. and Kluge, T. and Rabbertz,
                        K. and Stober, F.",
      title          = "{Theory-Data Comparisons for Jet Measurements in
                        Hadron-Induced Processes}",
      collaboration  = "fastNLO Collaboration",
      year           = "2011",
      eprint         = "arXiv:1109.1310",
      archivePrefix  = "arXiv",
      primaryClass   = "hep-ph",
      reportNumber   = "DESY-11-150, FERMILAB-PUB-11-418-PPD",
      SLACcitation   = "%%CITATION = ARXIV:1109.1310;%%",
}

@article{Kidonakis:2000gi,
      author         = "Kidonakis, Nikolaos and Owens, J.F.",
      title          = "{Effects of higher order threshold corrections in high
                        E(T) jet production}",
      journal        = "Phys.Rev.",
      volume         = "D63",
      pages          = "054019",
      doi            = "10.1103/PhysRevD.63.054019",
      year           = "2001",
      eprint         = "hep-ph/0007268",
      archivePrefix  = "arXiv",
      primaryClass   = "hep-ph",
      reportNumber   = "FSU-HEP-2000-0720",
      SLACcitation   = "%%CITATION = HEP-PH/0007268;%%",
}

@article{Aliev:2010zk,
      author         = "Aliev, M. and Lacker, H. and Langenfeld, U. and Moch, S.
                        and Uwer, P. and others",
      title          = "{HATHOR: HAdronic Top and Heavy quarks crOss section
                        calculatoR}",
      journal        = "Comput.Phys.Commun.",
      volume         = "182",
      pages          = "1034-1046",
      doi            = "10.1016/j.cpc.2010.12.040",
      year           = "2011",
      eprint         = "arXiv:1007.1327",
      archivePrefix  = "arXiv",
      primaryClass   = "hep-ph",
      reportNumber   = "DESY-10-091, HU-EP-10-33, SFB-CPP-10-60",
      SLACcitation   = "%%CITATION = ARXIV:1007.1327;%%",
}

@article{Baernreuther:2012ws,
      author         = "B{\"a}rnreuther, Peter and Czakon, Michal and Mitov,
                        Alexander",
      title          = "{Percent level precision physics at the Tevatron: first
                        genuine NNLO QCD corrections to $q \bar q \to  t \bar t + X$}",
      year           = "2012",
      eprint         = "arXiv:1204.5201",
      archivePrefix  = "arXiv",
      primaryClass   = "hep-ph",
      SLACcitation   = "%%CITATION = ARXIV:1204.5201;%%",
}

@article{Moch:2012mk,
      author         = "Moch, S. and Uwer, P. and Vogt, A.",
      title          = "{On top-pair hadro-production at next-to-next-to-leading
                        order}",
      journal        = "Phys.Lett.",
      volume         = "B714",
      pages          = "48-54",
      doi            = "10.1016/j.physletb.2012.06.048",
      year           = "2012",
      eprint         = "hep-ph/1203.6282",
      archivePrefix  = "arXiv",
      primaryClass   = "hep-ph",
      reportNumber   = "DESY-12-049, HU-EP-12-10, LTH-940, LPN-12-042,
                        SFB-CPP-12-16",
      SLACcitation   = "%%CITATION = ARXIV:1203.6282;%%",
}
@article{Giele:1998gw,
      author         = "Giele, Walter T. and Keller, Stephane",
      title          = "{Implications of hadron collider observables on parton
                        distribution function uncertainties}",
      journal        = "Phys.Rev.",
      volume         = "D58",
      pages          = "094023",
      doi            = "10.1103/PhysRevD.58.094023",
      year           = "1998",
      eprint         = "hep-ph/9803393",
      archivePrefix  = "arXiv",
      primaryClass   = "hep-ph",
      reportNumber   = "FERMILAB-PUB-98-082-T",
      SLACcitation   = "%%CITATION = HEP-PH/9803393;%%",
}
@article{Ball:2011gg,
      author         = "Ball, Richard D. and Bertone, Valerio and Cerutti,
                        Francesco and Del Debbio, Luigi and Forte, Stefano and
                        others",
      title          = "{Reweighting and Unweighting of Parton Distributions and
                        the LHC W lepton asymmetry data}",
      journal        = "Nucl.Phys.",
      volume         = "B855",
      pages          = "608-638",
      doi            = "10.1016/j.nuclphysb.2011.10.018",
      year           = "2012",
      eprint         = "arXiv:1108.1758",
      archivePrefix  = "arXiv",
      primaryClass   = "hep-ph",
      reportNumber   = "EDINBURGH-2011-15, IFUM-981-FT, FR-PHENO-2011-013,
                        RWTH-TTK-11-32",
      SLACcitation   = "%%CITATION = ARXIV:1108.1758;%%",
}
@article{Ball:2010gb,
      author         = "Ball, Richard D. and others",
      title          = "{Reweighting NNPDFs: the W lepton asymmetry}",
      collaboration  = "NNPDF Collaboration",
      journal        = "Nucl.Phys.",
      volume         = "B849",
      pages          = "112-143",
      doi            = "10.1016/j.nuclphysb.2011.03.017,
                        10.1016/j.nuclphysb.2011.10.024,
                        10.1016/j.nuclphysb.2011.09.011",
      year           = "2011",
      eprint         = "arXiv:1012.0836",
      archivePrefix  = "arXiv",
      primaryClass   = "hep-ph",
      reportNumber   = "EDINBURGH-2010-24, IFUM-968-FT, FR-PHENO-2010-040,
                        RWTH-TTK-10-55",
      SLACcitation   = "%%CITATION = ARXIV:1012.0836;%%",
}
@article{Watt:2012tq,
      author         = "Watt, G. and Thorne, R.S.",
      title          = "{Study of Monte Carlo approach to experimental
                        uncertainty propagation with MSTW 2008 PDFs}",
      journal        = "JHEP",
      volume         = "1208",
      pages          = "052",
      doi            = "10.1007/JHEP08(2012)052",
      year           = "2012",
      eprint         = "arXiv:1205.4024",
      archivePrefix  = "arXiv",
      primaryClass   = "hep-ph",
      reportNumber   = "CERN-PH-TH-2012-132, LCTS-2012-11",
      SLACcitation   = "%%CITATION = ARXIV:1205.4024;%%",
}


@article{Jung:2010si,
	Archiveprefix = {arXiv},
	Author = {Jung, H. and Baranov, S. and Deak, M. and Grebenyuk, A. and Hautmann, F. and others},
	Date-Added = {2012-06-03 07:50:04 +0000},
	Date-Modified = {2012-06-03 07:50:04 +0000},
	Doi = {10.1140/epjc/s10052-010-1507-z},
	Eprint = {arXiv:1008.0152},
	Journal = {Eur.Phys.J.},
	Pages = {1237},
	Primaryclass = {hep-ph},
	Reportnumber = {DESY-10-107},
	Slaccitation = {%%CITATION = ARXIV:1008.0152;%%},
	Title = {{The CCFM Monte Carlo generator CASCADE version 2.2.03}},
	Volume = {C70},
	Year = {2010},
	Bdsk-Url-1 = {http://dx.doi.org/10.1140/epjc/s10052-010-1507-z},
	Bdsk-File-1 = {YnBsaXN0MDDUAQIDBAUIJidUJHRvcFgkb2JqZWN0c1gkdmVyc2lvblkkYXJjaGl2ZXLRBgdUcm9vdIABqAkKFRYXGyIjVSRudWxs0wsMDQ4RFFpOUy5vYmplY3RzV05TLmtleXNWJGNsYXNzog8QgASABqISE4ACgAOAB1lhbGlhc0RhdGFccmVsYXRpdmVQYXRo0hgNGRpXTlMuZGF0YU8RAYgAAAAAAYgAAgAACWhhbm5lc25ldwAAAAAAAAAAAAAAAAAAAAAAAMvCHmFIKwAAAD2s5hAxMDA4LjAxNTJ2MTAucGRmAAAAAAAAAAAAAAAAAAAAAAAAAAAAAAAAAAAAAAAAAAAAAAAAAAAAAAAAAAAAAAAAPa1CyRfKfwAAAAAAAAAAAAEAAwAACSAAAAAAAAAAAAAAAAAAAAAGUGFwZXJzABAACAAAy8ICQQAAABEACAAAyRe8bwAAAAEAEAA9rOYAPajtADoEEAAAuVEAAgA6aGFubmVzbmV3OlVzZXJzOgBqdW5nOgBEb2N1bWVudHM6AFBhcGVyczoAMTAwOC4wMTUydjEwLnBkZgAOACIAEAAxADAAMAA4AC4AMAAxADUAMgB2ADEAMAAuAHAAZABmAA8AFAAJAGgAYQBuAG4AZQBzAG4AZQB3ABIALFVzZXJzL2p1bmcvRG9jdW1lbnRzL1BhcGVycy8xMDA4LjAxNTJ2MTAucGRmABMAAS8AABUAAgAL//8AAIAF0hwdHh9YJGNsYXNzZXNaJGNsYXNzbmFtZaMfICFdTlNNdXRhYmxlRGF0YVZOU0RhdGFYTlNPYmplY3RfECQuLi9Eb2N1bWVudHMvUGFwZXJzLzEwMDguMDE1MnYxMC5wZGbSHB0kJaIlIVxOU0RpY3Rpb25hcnkSAAGGoF8QD05TS2V5ZWRBcmNoaXZlcgAIABEAFgAfACgAMgA1ADoAPABFAEsAUgBdAGUAbABvAHEAcwB2AHgAegB8AIYAkwCYAKACLAIuAjMCPAJHAksCWQJgAmkCkAKVApgCpQKqAAAAAAAAAgEAAAAAAAAAKAAAAAAAAAAAAAAAAAAAArw=},
	Bdsk-File-2 = {YnBsaXN0MDDUAQIDBAUIJidUJHRvcFgkb2JqZWN0c1gkdmVyc2lvblkkYXJjaGl2ZXLRBgdUcm9vdIABqAkKFRYXGyIjVSRudWxs0wsMDQ4RFFpOUy5vYmplY3RzV05TLmtleXNWJGNsYXNzog8QgASABqISE4ACgAOAB1lhbGlhc0RhdGFccmVsYXRpdmVQYXRo0hgNGRpXTlMuZGF0YU8RAYYAAAAAAYYAAgAACWhhbm5lc25ldwAAAAAAAAAAAAAAAAAAAAAAAMvCHmFIKwAAAD2s5g9mdWxsdGV4dC0yNi5wZGYAAAAAAAAAAAAAAAAAAAAAAAAAAAAAAAAAAAAAAAAAAAAAAAAAAAAAAAAAAAAAAAAAPa6GyRfKtgAAAAAAAAAAAAEAAwAACSAAAAAAAAAAAAAAAAAAAAAGUGFwZXJzABAACAAAy8ICQQAAABEACAAAyRe8pgAAAAEAEAA9rOYAPajtADoEEAAAuVEAAgA5aGFubmVzbmV3OlVzZXJzOgBqdW5nOgBEb2N1bWVudHM6AFBhcGVyczoAZnVsbHRleHQtMjYucGRmAAAOACAADwBmAHUAbABsAHQAZQB4AHQALQAyADYALgBwAGQAZgAPABQACQBoAGEAbgBuAGUAcwBuAGUAdwASACtVc2Vycy9qdW5nL0RvY3VtZW50cy9QYXBlcnMvZnVsbHRleHQtMjYucGRmAAATAAEvAAAVAAIAC///AACABdIcHR4fWCRjbGFzc2VzWiRjbGFzc25hbWWjHyAhXU5TTXV0YWJsZURhdGFWTlNEYXRhWE5TT2JqZWN0XxAjLi4vRG9jdW1lbnRzL1BhcGVycy9mdWxsdGV4dC0yNi5wZGbSHB0kJaIlIVxOU0RpY3Rpb25hcnkSAAGGoF8QD05TS2V5ZWRBcmNoaXZlcgAIABEAFgAfACgAMgA1ADoAPABFAEsAUgBdAGUAbABvAHEAcwB2AHgAegB8AIYAkwCYAKACKgIsAjECOgJFAkkCVwJeAmcCjQKSApUCogKnAAAAAAAAAgEAAAAAAAAAKAAAAAAAAAAAAAAAAAAAArk=}}
@article{Ciafaloni:1987ur,
	Author = {Ciafaloni, Marcello},
	Date-Added = {2009-07-01 18:31:15 +0200},
	Date-Modified = {2009-07-01 18:31:15 +0200},
	Doi = {10.1016/0550-3213(88)90380-X},
	Journal = {Nucl. Phys.},
	Pages = {49},
	Slaccitation = {%%CITATION = NUPHA,B296,49;%%},
	Title = {{Coherence Effects in Initial Jets at Small q**2 / s}},
	Volume = {B296},
	Year = {1988},
	Bdsk-File-1 = {YnBsaXN0MDDUAQIDBAUIJidUJHRvcFgkb2JqZWN0c1gkdmVyc2lvblkkYXJjaGl2ZXLRBgdUcm9vdIABqAkKFRYXGyIjVSRudWxs0wsMDQ4RFFpOUy5vYmplY3RzV05TLmtleXNWJGNsYXNzog8QgASABqISE4ACgAOAB1lhbGlhc0RhdGFccmVsYXRpdmVQYXRo0hgNGRpXTlMuZGF0YU8RAYYAAAAAAYYAAgAACWhhbm5lc25ldwAAAAAAAAAAAAAAAAAAAAAAAMvCHmFIKwAAAD2s5g9zZGFydGljbGUwMS5wZGYAAAAAAAAAAAAAAAAAAAAAAAAAAAAAAAAAAAAAAAAAAAAAAAAAAAAAAAAAAAAAAAAAPa+wxnFcCQAAAAAAAAAAAAEAAwAACSAAAAAAAAAAAAAAAAAAAAAGUGFwZXJzABAACAAAy8ICQQAAABEACAAAxnE/6QAAAAEAEAA9rOYAPajtADoEEAAAuVEAAgA5aGFubmVzbmV3OlVzZXJzOgBqdW5nOgBEb2N1bWVudHM6AFBhcGVyczoAc2RhcnRpY2xlMDEucGRmAAAOACAADwBzAGQAYQByAHQAaQBjAGwAZQAwADEALgBwAGQAZgAPABQACQBoAGEAbgBuAGUAcwBuAGUAdwASACtVc2Vycy9qdW5nL0RvY3VtZW50cy9QYXBlcnMvc2RhcnRpY2xlMDEucGRmAAATAAEvAAAVAAIAC///AACABdIcHR4fWCRjbGFzc2VzWiRjbGFzc25hbWWjHyAhXU5TTXV0YWJsZURhdGFWTlNEYXRhWE5TT2JqZWN0XxAjLi4vRG9jdW1lbnRzL1BhcGVycy9zZGFydGljbGUwMS5wZGbSHB0kJaIlIVxOU0RpY3Rpb25hcnkSAAGGoF8QD05TS2V5ZWRBcmNoaXZlcgAIABEAFgAfACgAMgA1ADoAPABFAEsAUgBdAGUAbABvAHEAcwB2AHgAegB8AIYAkwCYAKACKgIsAjECOgJFAkkCVwJeAmcCjQKSApUCogKnAAAAAAAAAgEAAAAAAAAAKAAAAAAAAAAAAAAAAAAAArk=},
	Bdsk-Url-1 = {http://dx.doi.org/10.1016/0550-3213(88)90380-X}}

@article{Marchesini:1990zy,
	Author = {Marchesini, G. and Webber, B. R.},
	Date-Added = {2009-05-09 17:00:11 +0200},
	Date-Modified = {2009-05-09 17:00:11 +0200},
	Doi = {10.1016/0550-3213(91)90389-F},
	Journal = {Nucl. Phys.},
	Pages = {617},
	Slaccitation = {%%CITATION = NUPHA,B349,617;%%},
	Title = {{Simulation of QCD initial state radiation at small x}},
	Volume = {B349},
	Year = {1991},
	Bdsk-File-1 = {YnBsaXN0MDDUAQIDBAUIJidUJHRvcFgkb2JqZWN0c1gkdmVyc2lvblkkYXJjaGl2ZXLRBgdUcm9vdIABqAkKFRYXGyIjVSRudWxs0wsMDQ4RFFpOUy5vYmplY3RzV05TLmtleXNWJGNsYXNzog8QgASABqISE4ACgAOAB1lhbGlhc0RhdGFccmVsYXRpdmVQYXRo0hgNGRpXTlMuZGF0YU8RAYYAAAAAAYYAAgAACWhhbm5lc25ldwAAAAAAAAAAAAAAAAAAAAAAAMvCHmFIKwAAAD2s5g9zZGFydGljbGUtMi5wZGYAAAAAAAAAAAAAAAAAAAAAAAAAAAAAAAAAAAAAAAAAAAAAAAAAAAAAAAAAAAAAAAAAPa+BxitnTAAAAAAAAAAAAAEAAwAACSAAAAAAAAAAAAAAAAAAAAAGUGFwZXJzABAACAAAy8ICQQAAABEACAAAxitLLAAAAAEAEAA9rOYAPajtADoEEAAAuVEAAgA5aGFubmVzbmV3OlVzZXJzOgBqdW5nOgBEb2N1bWVudHM6AFBhcGVyczoAc2RhcnRpY2xlLTIucGRmAAAOACAADwBzAGQAYQByAHQAaQBjAGwAZQAtADIALgBwAGQAZgAPABQACQBoAGEAbgBuAGUAcwBuAGUAdwASACtVc2Vycy9qdW5nL0RvY3VtZW50cy9QYXBlcnMvc2RhcnRpY2xlLTIucGRmAAATAAEvAAAVAAIAC///AACABdIcHR4fWCRjbGFzc2VzWiRjbGFzc25hbWWjHyAhXU5TTXV0YWJsZURhdGFWTlNEYXRhWE5TT2JqZWN0XxAjLi4vRG9jdW1lbnRzL1BhcGVycy9zZGFydGljbGUtMi5wZGbSHB0kJaIlIVxOU0RpY3Rpb25hcnkSAAGGoF8QD05TS2V5ZWRBcmNoaXZlcgAIABEAFgAfACgAMgA1ADoAPABFAEsAUgBdAGUAbABvAHEAcwB2AHgAegB8AIYAkwCYAKACKgIsAjECOgJFAkkCVwJeAmcCjQKSApUCogKnAAAAAAAAAgEAAAAAAAAAKAAAAAAAAAAAAAAAAAAAArk=},
	Bdsk-Url-1 = {http://dx.doi.org/10.1016/0550-3213(91)90389-F}}
	

@article{Marchesini:1992jw,
	Author = {Marchesini, G. and Webber, B. R.},
	Date-Added = {2009-05-09 16:59:55 +0200},
	Date-Modified = {2009-05-09 16:59:55 +0200},
	Doi = {10.1016/0550-3213(92)90181-A},
	Journal = {Nucl. Phys.},
	Pages = {215},
	Slaccitation = {%%CITATION = NUPHA,B386,215;%%},
	Title = {{Final states in heavy quark leptoproduction at small x}},
	Volume = {B386},
	Year = {1992},
	Bdsk-File-1 = {YnBsaXN0MDDUAQIDBAUIJidUJHRvcFgkb2JqZWN0c1gkdmVyc2lvblkkYXJjaGl2ZXLRBgdUcm9vdIABqAkKFRYXGyIjVSRudWxs0wsMDQ4RFFpOUy5vYmplY3RzV05TLmtleXNWJGNsYXNzog8QgASABqISE4ACgAOAB1lhbGlhc0RhdGFccmVsYXRpdmVQYXRo0hgNGRpXTlMuZGF0YU8RAYgAAAAAAYgAAgAACWhhbm5lc25ldwAAAAAAAAAAAAAAAAAAAAAAAMvCHmFIKwAAAD2s5hBzZGFydGljbGUtMjAucGRmAAAAAAAAAAAAAAAAAAAAAAAAAAAAAAAAAAAAAAAAAAAAAAAAAAAAAAAAAAAAAAAAPa+CxitnkgAAAAAAAAAAAAEAAwAACSAAAAAAAAAAAAAAAAAAAAAGUGFwZXJzABAACAAAy8ICQQAAABEACAAAxitLcgAAAAEAEAA9rOYAPajtADoEEAAAuVEAAgA6aGFubmVzbmV3OlVzZXJzOgBqdW5nOgBEb2N1bWVudHM6AFBhcGVyczoAc2RhcnRpY2xlLTIwLnBkZgAOACIAEABzAGQAYQByAHQAaQBjAGwAZQAtADIAMAAuAHAAZABmAA8AFAAJAGgAYQBuAG4AZQBzAG4AZQB3ABIALFVzZXJzL2p1bmcvRG9jdW1lbnRzL1BhcGVycy9zZGFydGljbGUtMjAucGRmABMAAS8AABUAAgAL//8AAIAF0hwdHh9YJGNsYXNzZXNaJGNsYXNzbmFtZaMfICFdTlNNdXRhYmxlRGF0YVZOU0RhdGFYTlNPYmplY3RfECQuLi9Eb2N1bWVudHMvUGFwZXJzL3NkYXJ0aWNsZS0yMC5wZGbSHB0kJaIlIVxOU0RpY3Rpb25hcnkSAAGGoF8QD05TS2V5ZWRBcmNoaXZlcgAIABEAFgAfACgAMgA1ADoAPABFAEsAUgBdAGUAbABvAHEAcwB2AHgAegB8AIYAkwCYAKACLAIuAjMCPAJHAksCWQJgAmkCkAKVApgCpQKqAAAAAAAAAgEAAAAAAAAAKAAAAAAAAAAAAAAAAAAAArw=},
	Bdsk-Url-1 = {http://dx.doi.org/10.1016/0550-3213(92)90181-A}}

@article{CCFMa,
   author    = {M. Ciafaloni},
   title     = {Coherence effects in initial jets at small $Q^2/s$},
   journal   = npb,
   pages     = {49},
   year      = {1988},
   volume    = {296}
}


@article{CCFMb,
   author    = {S. Catani and F. Fiorani and G. Marchesini},
   title     = {QCD coherence in initial state radiation},
   journal   = plb,
   pages     = {339},
   year      = {1990},
   volume    = {234}
}


@article{CCFMc,
   author    = {S. Catani and F. Fiorani and G. Marchesini},
   title     = {Small $x$ behaviour of initila state radiation in perturbative QCD},
   journal   = npb,
   pages     = {18},
   year      = {1990},
   volume    = {336}
}


@article{CCFMd,
   author    = {G. Marchesini},
   title     = {QCD coherence in the structure function and associated distributions at small x},
   journal   = npb,
   pages     = {49},
   year      = {1995},
   volume    = {445}
}

@article{Jung:2012hy,
	Archiveprefix = {arXiv},
	Author = {Jung, H. and Hautmann, F.},
	Date-Added = {2012-12-14 11:30:04 +0000},
	Date-Modified = {2012-12-14 11:30:04 +0000},
	Eprint = {arXiv:1206.1796},
	Primaryclass = {hep-ph},
	Slaccitation = {%%CITATION = ARXIV:1206.1796;%%},
	Title = {{Determination of transverse momentum dependent gluon density from HERA structure function measurements}},
	Year = {2012},
	Bdsk-File-1 = {YnBsaXN0MDDUAQIDBAUIJidUJHRvcFgkb2JqZWN0c1gkdmVyc2lvblkkYXJjaGl2ZXLRBgdUcm9vdIABqAkKFRYXGyIjVSRudWxs0wsMDQ4RFFpOUy5vYmplY3RzV05TLmtleXNWJGNsYXNzog8QgASABqISE4ACgAOAB1lhbGlhc0RhdGFccmVsYXRpdmVQYXRo0hgNGRpXTlMuZGF0YU8RAYYAAAAAAYYAAgAADE1hY2ludG9zaCBIRAAAAAAAAAAAAAAAAAAAAMwGrxRIKwAAAA4Iew0xMjA2LjE3OTYucGRmAAAAAAAAAAAAAAAAAAAAAAAAAAAAAAAAAAAAAAAAAAAAAAAAAAAAAAAAAAAAAAAAAAABDW+vzPDMZgAAAAAAAAAAAAEAAwAACSAAAAAAAAAAAAAAAAAAAAAGUGFwZXJzABAACAAAzAaS9AAAABEACAAAzPC+VgAAAAEAEAAOCHsADgOKAApjcAAAuVMAAgA6TWFjaW50b3NoIEhEOlVzZXJzOgBqdW5nOgBEb2N1bWVudHM6AFBhcGVyczoAMTIwNi4xNzk2LnBkZgAOABwADQAxADIAMAA2AC4AMQA3ADkANgAuAHAAZABmAA8AGgAMAE0AYQBjAGkAbgB0AG8AcwBoACAASABEABIAKVVzZXJzL2p1bmcvRG9jdW1lbnRzL1BhcGVycy8xMjA2LjE3OTYucGRmAAATAAEvAAAVAAIAC///AACABdIcHR4fWCRjbGFzc2VzWiRjbGFzc25hbWWjHyAhXU5TTXV0YWJsZURhdGFWTlNEYXRhWE5TT2JqZWN0XxAhLi4vRG9jdW1lbnRzL1BhcGVycy8xMjA2LjE3OTYucGRm0hwdJCWiJSFcTlNEaWN0aW9uYXJ5EgABhqBfEA9OU0tleWVkQXJjaGl2ZXIACAARABYAHwAoADIANQA6ADwARQBLAFIAXQBlAGwAbwBxAHMAdgB4AHoAfACGAJMAmACgAioCLAIxAjoCRQJJAlcCXgJnAosCkAKTAqACpQAAAAAAAAIBAAAAAAAAACgAAAAAAAAAAAAAAAAAAAK3}}

@misc{Deak:2010gk,
	Archiveprefix = {arXiv},
	Author = {Deak, M. and Hautmann, F. and Jung, H. and Kutak, K.},
	Date-Added = {2010-12-30 09:13:54 +0100},
	Date-Modified = {2012-09-22 10:08:14 +0000},
	Eprint = {arXiv:1012.6037},
	Primaryclass = {hep-ph},
	Slaccitation = {%%CITATION = 1012.6037;%%},
	Title = {{Forward-Central Jet Correlations at the Large Hadron Collider}},
	Year = {2010},
	Bdsk-File-1 = {YnBsaXN0MDDUAQIDBAUIJidUJHRvcFgkb2JqZWN0c1gkdmVyc2lvblkkYXJjaGl2ZXLRBgdUcm9vdIABqAkKFRYXGyIjVSRudWxs0wsMDQ4RFFpOUy5vYmplY3RzV05TLmtleXNWJGNsYXNzog8QgASABqISE4ACgAOAB1lhbGlhc0RhdGFccmVsYXRpdmVQYXRo0hgNGRpXTlMuZGF0YU8RAY4AAAAAAY4AAgAADE1hY2ludG9zaCBIRAAAAAAAAAAAAAAAAAAAAMwGrxRIKwAAAA4Iew8xMDEyLjYwMzd2MS5wZGYAAAAAAAAAAAAAAAAAAAAAAAAAAAAAAAAAAAAAAAAAAAAAAAAAAAAAAAAAAAAAAAAADgkZyUH9xAAAAAAAAAAAAAEAAwAACSAAAAAAAAAAAAAAAAAAAAAGUGFwZXJzABAACAAAzAaS9AAAABEACAAAyUHvtAAAAAEAEAAOCHsADgOKAApjcAAAuVMAAgA8TWFjaW50b3NoIEhEOlVzZXJzOgBqdW5nOgBEb2N1bWVudHM6AFBhcGVyczoAMTAxMi42MDM3djEucGRmAA4AIAAPADEAMAAxADIALgA2ADAAMwA3AHYAMQAuAHAAZABmAA8AGgAMAE0AYQBjAGkAbgB0AG8AcwBoACAASABEABIAK1VzZXJzL2p1bmcvRG9jdW1lbnRzL1BhcGVycy8xMDEyLjYwMzd2MS5wZGYAABMAAS8AABUAAgAL//8AAIAF0hwdHh9YJGNsYXNzZXNaJGNsYXNzbmFtZaMfICFdTlNNdXRhYmxlRGF0YVZOU0RhdGFYTlNPYmplY3RfECMuLi9Eb2N1bWVudHMvUGFwZXJzLzEwMTIuNjAzN3YxLnBkZtIcHSQloiUhXE5TRGljdGlvbmFyeRIAAYagXxAPTlNLZXllZEFyY2hpdmVyAAgAEQAWAB8AKAAyADUAOgA8AEUASwBSAF0AZQBsAG8AcQBzAHYAeAB6AHwAhgCTAJgAoAIyAjQCOQJCAk0CUQJfAmYCbwKVApoCnQKqAq8AAAAAAAACAQAAAAAAAAAoAAAAAAAAAAAAAAAAAAACwQ==}}

